
@book{colander_complexity_2014,
	address = {Princeton, NJ -- Oxford},
	title = {Complexity and the {Art} of {Public} {Policy}: {Solving} {Society}'s {Problems} from the {Bottom} {Up}},
	isbn = {978-0-691-15209-7},
	shorttitle = {Complexity and the {Art} of {Public} {Policy}},
	language = {en},
	publisher = {Princeton University Press},
	author = {Colander, David C. and Kupers, Roland},
	year = {2014},
	keywords = {Ekonomia ewolucyjna, Polityka gospodarcza, Techniki podejmowania decyzji w~polityce, Złożoność (filozofia)}
}

@book{keynes_ogolna_2003,
	address = {Warszawa},
	edition = {3},
	title = {Ogólna teoria zatrudnienia, procentu i~pieniądza},
	isbn = {978-83-01-14033-5},
	language = {pl},
	publisher = {Wydawnictwo Naukowe PWN},
	author = {Keynes, John Maynard},
	translator = {Kalecki, Michał and Rączkowski, Stanisław},
	year = {2003},
	keywords = {Pieniądz, Procent (ekonomia), Zatrudnienie}
}

@book{gorazda_metaekonomia:_2016,
	address = {Kraków},
	title = {Metaekonomia: zagadnienia z~filozofii ekonomii},
	isbn = {978-83-7886-276-5},
	shorttitle = {Metaekonomia},
	language = {pl},
	publisher = {Copernicus Center Press},
	editor = {Gorazda, Marcin and Hardt, Łukasz and Kwarciński, Tomasz},
	year = {2016},
	keywords = {aspekt moralny, Ekonomia, filozofia, metodologia}
}

@book{kwarcinski_metaekonomia_2019,
	address = {Kraków},
	title = {Metaekonomia {II}: zagadnienia z~filozofii makroekonomii},
	isbn = {978-83-7886-276-5},
	shorttitle = {Metaekonomia {II}},
	language = {pl},
	publisher = {Copernicus Center Press},
	editor = {Kwarciński, Tomasz and Wincewicz-Price, Agnieszka},
	year = {2019},
	keywords = {aspekt moralny, Ekonomia, filozofia, metodologia}
}
