
@book{twardowski_o_1900,
	address = {Lwów},
	title = {O tak zwanych prawdach względnych},
	url = {http://pbc.biaman.pl/Content/3081},
	language = {pl},
	publisher = {nakł. Senatu Uniwersytetu Lwowskiego},
	author = {Twardowski, Kazimierz},
	year = {1900},
	keywords = {Kresy Wschodnie Rzeczypospolitej - szkolnictwo, Lwów (Ukraina ; region) - szkolnictwo, Uniwersytet Jana Kazimierza - Lwów (Ukraina ; region)}
}

@book{gorazda_filozofia_2014,
	address = {Kraków},
	series = {Bramy {Nauki}},
	title = {Filozofia ekonomii},
	isbn = {978-83-7886-044-0},
	language = {pl},
	publisher = {Copernicus Center Press},
	author = {Gorazda, Marcin},
	year = {2014},
	keywords = {Ekonomia, filozofia, Filozofia, historia}
}

@book{grobler_metodologia_2006,
	address = {Kraków},
	series = {Kompendia {Filozoficzne}},
	title = {Metodologia nauk},
	isbn = {978-83-87887-65-0 978-83-240-0745-5},
	language = {pl},
	publisher = {Wydawnictwo Aureus -- Wydawnictwo Znak},
	author = {Grobler, Adam},
	year = {2006},
	keywords = {Badania naukowe, metodologia, Nauka}
}

@book{grobler_prawda_2000,
	address = {Kraków},
	title = {Prawda a względność},
	isbn = {978-83-87887-14-8},
	language = {pl},
	publisher = {Wydawnictwo Aureus},
	author = {Grobler, Adam},
	year = {2000},
	keywords = {Prawda, Relatywizm (filozofia), Teoria poznania}
}

@incollection{grzegorczykowa_o_1998,
	address = {Wrocław},
	series = {Język a {Kultura}},
	title = {O rozumieniu prototypu i stereotypu we współczesnych teoriach semantycznych},
	isbn = {978-83-7091-049-5},
	language = {pl},
	number = {12},
	booktitle = {Stereotyp jako przedmiot lingwistyki: teoria, metodologia, analizy empiryczne},
	publisher = {Towarzystwo Przyjaciół Polonistyki Wrocławskiej},
	author = {Grzegorczykowa, Renata},
	editor = {Anusiewicz, Janusz and Bartmiński, Jerzy},
	year = {1998},
	keywords = {Denotacja (językoznawstwo), Etnopsychologia, Język i kultura, Język polski, konferencje, semantyka, Socjolingwistyka, Stereotyp (psychologia)},
	pages = {109--115}
}

@book{hardt_studia_2013,
	address = {Warszawa},
	series = {Academia {Oeconomica}},
	title = {Studia z realistycznej filozofii ekonomii},
	isbn = {978-83-255-4943-5 978-83-255-4944-2},
	language = {pl},
	publisher = {Wydawnictwo C. H. Beck},
	author = {Hardt, Łukasz},
	year = {2013},
	keywords = {Ekonomia, filozofia}
}

@book{judycki_swiadomosc_2004,
	address = {Lublin},
	series = {Źródła i {Monografie}/{Towarzystwo} {Naukowe} {Katolickiego} {Uniwersytetu} {Lubelskiego}},
	title = {Świadomość i pamięć: uzasadnienie dualizmu antropologicznego},
	isbn = {978-83-7306-183-5},
	shorttitle = {Świadomość i pamięć},
	language = {pl},
	number = {258},
	publisher = {Towarzystwo Naukowe KUL},
	author = {Judycki, Stanisław},
	year = {2004},
	keywords = {Antropologia filozoficzna, Cogito (filozofia), Duch i ciało, Filozofia umysłu, Podmiot (filozofia), Świadomość}
}

@article{leszczynski_poszukiwanie_2016,
	title = {Poszukiwanie prawdy czy gra interesów?},
	shorttitle = {Damian {Leszczyński}},
	url = {https://filozofuj.eu/damian-leszczynski-poszukiwanie-prawdy-gra-interesow/},
	abstract = {Dlaczego Raskolnikow zabił staruszkę? Po prostu wpadł na taki pomysł. Ale dlaczego Dostojewski wpadł na taki pomysł? Cóż – być może miał trudne dzieciństwo, był nielubiany w szkole, stracił pracę albo jego ulubiona drużyna przegrała mecz. Jakikolwiek byłby powód, dla treści „Zbrodni i kary” kluczowe jest morderstwo i jego konsekwencje. To dzięki tej unikalnej treści dzieło to jest tym, czym jest, nie zaś dzięki okolicznościom, w których powstało.},
	language = {pl},
	number = {4(10)},
	urldate = {2019-08-26},
	journal = {Filozofuj!},
	author = {Leszczyński, Damian},
	month = sep,
	year = {2016},
	pages = {15--17},
	file = {Snapshot:/home/pawel/.zotero/zotero/2felkxqq.default/zotero/storage/G4BEMA4Z/damian-leszczynski-poszukiwanie-prawdy-gra-interesow.html:text/html}
}

@incollection{kincaid_realistic_2009,
	address = {Oxford ; New York},
	title = {Realistic realism about unrealistic models},
	isbn = {978-0-19-518925-4},
	abstract = {The special challenge the philosophy of economics must meet is to provide a scientific realist account that is realistic of a discipline that deals with a complex subject matter and operates with highly unrealistic models. Unrealisticness in economic models must not constitute an obstacle to realism about those models. This article gives a selective and somewhat abstract summary of its author's thinking about economics, outlined from two perspectives: first historical and autobiographical, then systematic and comparative. The first angle helps understand motives and trajectories of ideas against their backgrounds in intellectual history. The story of this article turns out to have both unique and generalizable aspects. The second approach outlines some of the key concepts and arguments as well as their interrelations in this chapter's philosophy of economics, with occasional comparisons to other views. More space is devoted to this second perspective than to the first.},
	language = {en},
	booktitle = {The {Oxford} {Handbook} of {Philosophy} of {Economics}},
	publisher = {Oxford University Press},
	author = {Mäki, Uskali},
	editor = {Kincaid, Harold and Ross, Don},
	year = {2009},
	note = {OCLC: 230801914},
	keywords = {Economics, Handbooks, manuals, etc, Philosophy},
	pages = {68--98},
	file = {Snapshot:/home/pawel/.zotero/zotero/2felkxqq.default/zotero/storage/K3DVYMHU/oxfordhb-9780195189254-e-004.html:text/html}
}

@book{przymenski_socjologia:_2008,
	address = {Poznań},
	series = {Materiały {Dydaktyczne}/{Akademia} {Ekonomiczna} w {Poznaniu}},
	title = {Socjologia: wykłady i materiały do ćwiczeń},
	isbn = {978-83-7417-381-0},
	shorttitle = {Socjologia},
	language = {pl},
	number = {223},
	publisher = {Wydawnictwo Akademii Ekonomicznej},
	editor = {Przymeński, Andrzej},
	year = {2008},
	keywords = {podręczniki akademickie, Socjologia}
}

@book{zboron_teorie_2009,
	address = {Poznań},
	title = {Teorie ekonomiczne w perspektywie poznawczej konstruktywizmu społecznego},
	isbn = {978-83-7417-387-2},
	language = {pl},
	publisher = {Wydawnictwo Uniwersytetu Ekonomicznego},
	author = {Zboroń, Halina},
	year = {2009},
	keywords = {20 w, Ekonomia, filozofia, Konstruktywizm (filozofia)}
}

@article{zboron_podzial_2014,
	title = {Podział nauk a miejsce i status ekonomii},
	issn = {0239-6416},
	url = {http://www.inepan.waw.pl/images/pliki/SE/SE%202014%203%20-%20Zboron.pdf},
	language = {pl},
	number = {3 (82)},
	urldate = {2019-08-26},
	journal = {Studia Ekonomiczne},
	author = {Zboroń, Halina},
	year = {2014},
	pages = {381--399},
	file = {Snapshot:/home/pawel/.zotero/zotero/2felkxqq.default/zotero/storage/W5C8JJ4J/bwmeta1.element.html:text/html;Zboroń - 2014 - Podział nauk a miejsce i status ekonomii.pdf:/home/pawel/.zotero/zotero/2felkxqq.default/zotero/storage/FANF6WTH/Zboroń - 2014 - Podział nauk a miejsce i status ekonomii.pdf:application/pdf}
}

@incollection{schutz_potoczna_1984,
	address = {Warszawa},
	title = {Potoczna  i  naukowa  interpretacja  ludzkiego  działania},
	language = {pl},
	booktitle = {Kryzys i schizma. {Antyscjentystyczne}  tendencje  w  socjologii  współczesne},
	publisher = {PIW},
	author = {Schütz, Alfred},
	editor = {Mokrzycki, E.},
	translator = {Lachowska, D.},
	year = {1984},
	pages = {137--192}
}

@incollection{popper_cel_2002,
	address = {Warszawa},
	edition = {Wyd. 2},
	series = {Biblioteka {Współczesnych} {Filozofów}},
	title = {Cel nauki},
	isbn = {978-83-01-13920-9},
	language = {pl},
	booktitle = {Wiedza obiektywna: ewolucyjna teoria epistemologiczna},
	publisher = {Wydawnictwo Naukowe PWN},
	author = {Popper, Karl Raimund},
	translator = {Chmielewski, Adam},
	collaborator = {Popper, Karl R},
	year = {2002},
	keywords = {podręczniki akademickie, Popper, Karl Raimund, Teoria poznania, wkład do teorii poznania},
	pages = {231--246}
}