
@book{acemoglu_dlaczego_2014,
	address = {Poznań},
	title = {Dlaczego narody przegrywają. Źródła władzy, pomyślności i~ubóstwa},
	isbn = {978-83-7785-284-2},
	shorttitle = {Dlaczego narody przegrywają},
	language = {pl},
	publisher = {Zysk i~\mbox{S-ka} Wydawnictwo},
	author = {Acemoglu, Daron and Robinson, James A.},
	translator = {Łoziński, Jerzy},
	year = {2014},
	keywords = {aspekt społeczny, Ekonomia i~polityka, Historia gospodarcza, Kraje rozwijające się, ocena, polityka gospodarcza, polityka społeczna, Rewolucje, Rozwój gospodarczy, Ubóstwo}
}

@book{beattie_false_2010,
	address = {New York},
	title = {False {Economy}: {A} {Surprising} {Economic} {History} of the {World}},
	isbn = {978-1-59448-866-5},
	shorttitle = {False {Economy}},
	language = {en},
	publisher = {Riverhead Books},
	author = {Beattie, Alan},
	year = {2010}
}

@book{blaug_teoria_1994,
	address = {Warszawa},
	title = {Teoria ekonomii. {Ujęcie} retrospektywne},
	isbn = {978-83-01-10542-6},
	shorttitle = {Teoria ekonomii},
	language = {pl},
	publisher = {Wydawnictwo Naukowe PWN},
	author = {Blaug, Mark},
	translator = {Budzyńska, Izabela},
	year = {1994},
	keywords = {Ekonomia, historia}
}

@incollection{cremaschi_metaphors_2002,
	address = {Cheltenham, U.K. -- Northampton, Mass., USA},
	title = {Metaphors in the '{Wealth} of {Nations}'},
	isbn = {978-1-84064-683-2},
	language = {en},
	booktitle = {Is {There} {Progress} in {Economics}? {Knowledge}, {Truth} and the {History} of {Economic} {Thought}},
	publisher = {Edward Elgar Publishing},
	author = {Cremaschi, Sergio},
	editor = {Boehm, Stephan and Gehrke, Christian and Kurz, Heinz Dieter},
	year = {2002},
	keywords = {Economics, History, Progress},
	pages = {89--114}
}

@book{boorstin_discoverers:_1983,
	address = {New York, NY},
	title = {The {Discoverers}: {A} {History} of {Man}'s {Search} to {Know} {His} {World} and {Himself}},
	shorttitle = {The {Discoverers}},
	language = {en},
	publisher = {Random House},
	author = {Boorstin, Daniel J},
	year = {1983},
	note = {OCLC: 466594442}
}

@book{broadie_history_2009,
	address = {Edinburgh},
	title = {A {History} of {Scottish} {Philosophy}},
	isbn = {978-0-7486-1628-2},
	abstract = {"This book is unique in that it provides the first-ever substantial account of the seven-centuries-old Scottish philosophical tradition. The book focuses on a~number of philosophers in the period from the later-thirteenth century until the mid-twentieth and attends especially to some brilliantly original texts."--Jacket.},
	language = {en},
	publisher = {Edinburgh University Press},
	author = {Broadie, Alexander},
	year = {2009},
	note = {OCLC: 226360325}
}

@book{buchan_adam_2008,
	address = {Warszawa},
	title = {Adam {Smith}: życie i~idee},
	isbn = {978-83-7251-934-4},
	shorttitle = {Adam {Smith}},
	language = {pl},
	publisher = {Centrum Doradztwa i~Informacji Difin},
	author = {Buchan, James},
	translator = {Rastawicki, Krzysztof},
	year = {2008},
	keywords = {biografie, Smith, Adam}
}

@book{coase_firm_1990,
	address = {Chicago},
	title = {The {Firm}, the {Market}, and the {Law}},
	isbn = {978-0-226-11101-8},
	language = {en},
	publisher = {University of Chicago Press},
	author = {Coase, Ronald H.},
	year = {1990},
	note = {OCLC: 880529582}
}

@book{coase_firma_2013,
	address = {Warszawa},
	series = {Nobliści},
	title = {Firma, rynek i~prawo},
	isbn = {978-83-264-4106-6},
	language = {pl},
	publisher = {Oficyna Wolters Kluwer Business},
	author = {Coase, Ronald H.},
	translator = {Stawiński, Janusz},
	year = {2013},
	keywords = {Ekonomika przemysłu, Gospodarka rynkowa, Koszty zewnętrzne}
}

@book{dowbor_rozbita_2005,
	address = {Warszawa},
	title = {Rozbita mozaika. {Ekonomia} poza równaniami},
	isbn = {978-83-89899-05-7},
	shorttitle = {Rozbita mozaika},
	language = {pl},
	publisher = {Dialog},
	author = {Dowbor, Władysław},
	translator = {Kowalewski, Zbigniew Marcin},
	year = {2005},
	keywords = {aspekt społeczny, Dowbor, Władysław, Ekonomia, filozofia, Kraje rozwijające się, Rozwój gospodarczy, sytuacja gospodarcza}
}

@book{ferguson_wielka_2017,
	address = {Kraków},
	title = {Wielka degeneracja. {Jak} psują się instytucje i~umierają gospodarki},
	isbn = {978-83-08-06308-8},
	shorttitle = {Wielka degeneracja},
	language = {pl},
	publisher = {Wydawnictwo Literackie},
	author = {Ferguson, Niall},
	translator = {Tyszka, Wojciech},
	year = {2017},
	keywords = {21 w, Cywilizacja zachodnia, Kraje rozwijające się, polityka gospodarcza, polityka społeczna, Społeczeństwo obywatelskie}
}

@book{gordon_economic_1975,
	address = {London},
	title = {Economic {Analysis} {Before} {Adam} {Smith}},
	language = {en},
	publisher = {Macmillan Press},
	author = {Gordon, Barry},
	year = {1975}
}

@book{graeber_utopia_2016,
	address = {Warszawa},
	title = {Utopia regulaminów. {O} technologii, tępocie i~ukrytych rozkoszach biurokracji},
	isbn = {978-83-65369-44-4},
	shorttitle = {Utopia regulaminów},
	language = {pl},
	publisher = {Wydawnictwo Krytyki Politycznej},
	author = {Graeber, David},
	translator = {Jedliński, Marek},
	year = {2016},
	keywords = {Biurokracja, Liberalizm, Struktura społeczna, Władza (nauki społeczne)}
}

@book{gray_liberalizm_1994,
	address = {Kraków},
	series = {Demokracja: filozofia i~praktyka},
	title = {Liberalizm},
	isbn = {978-83-7006-340-5},
	language = {pl},
	publisher = {Społeczny Instytut Wydawniczy Znak -- Fundacja im. Sefana Batorego},
	author = {Gray, John},
	translator = {Dziubecka, Radosława},
	year = {1994},
	keywords = {Liberalizm, Polityka}
}

@book{hausman_etyka_2017,
	address = {Kraków},
	title = {Etyka ekonomii. {Analiza} ekonomiczna, filozofia moralności i~polityka publiczna},
	isbn = {978-83-7886-330-4},
	shorttitle = {Etyka ekonomii},
	language = {pl},
	publisher = {Copernicus Center Press},
	author = {Hausman, Daniel M. and McPherson, Michael S. and Satz, Debra},
	translator = {Kwarciński, Tomasz and Gorazda, Marcin and Janus, Jakub and Mucha, Krystian and Solek, Adrian and Wierzchosławski, Rafał P. and Zachorowska-Mazurkiewicz, Anna},
	year = {2017},
	keywords = {aspekt moralny, Ekonomia, Ekonomika, Etyka, Polityka publiczna, Polityka społeczna}
}

@book{heilbroner_worldly_1999,
	address = {New York},
	title = {The {Worldly} {Philosophers}: {The} {Lives}, {Times} and {Ideas} of the {Great} {Economic} {Thinkers}},
	isbn = {978-0-684-86214-9},
	shorttitle = {The {Worldly} {Philosophers}},
	language = {en},
	publisher = {Touchstone},
	author = {Heilbroner, Robert L},
	year = {1999},
	note = {OCLC: 749005846}
}

@book{hirschman_namietnosci_1997,
	address = {Kraków -- Warszawa},
	series = {Demokracja: filozofia i~praktyka},
	title = {Namiętności i~interesy. {U} intelektualnych źródeł kapitalizmu},
	isbn = {978-83-7006-771-7},
	shorttitle = {Namiętności i~interesy},
	language = {pl},
	publisher = {Społeczny Instytut Wydawniczy Znak -- Fundacja im. Stefana Batorego},
	author = {Hirschman, Albert O.},
	translator = {Topińska, Irena and Kochanowicz, Maciej},
	year = {1997},
	keywords = {aspekt psychologiczny, aspekt społeczny, Biznes, filozofia, Idee polityczne, Kapitalizm, Przemysł}
}

@book{keen_debunking_2011,
	address = {London -- New York},
	title = {Debunking {Economics}: {The} {Naked} {Emperor} {Dethroned}?},
	isbn = {978-1-84813-993-0},
	shorttitle = {Debunking {Economics}},
	language = {en},
	publisher = {Zed Books},
	author = {Keen, Steve},
	year = {2011},
	keywords = {Ekonomia, historia, Kryzysy gospodarcze, Polityka gospodarcza, Polityka społeczna}
}

@book{keen_ekonomia_2017,
	address = {Poznań},
	edition = {Wyd. rozsz. i~popr},
	series = {Seria {Filozofia} i~{Metodologia} {Nauk} {Ekonomicznych}},
	title = {Ekonomia neoklasyczna. {Fałszywy} paradygmat},
	isbn = {978-83-943671-4-5},
	shorttitle = {Ekonomia neoklasyczna},
	language = {pl},
	publisher = {Wydawnictwo Ekonomiczne Heterodox},
	author = {Keen, Steve},
	translator = {Kliber, Paweł and Konopczyński, Michał},
	year = {2017},
	keywords = {1801-1900, 1901-1914, 1901-2000, 1945-1989, 1989-2000, 2001-, Ekonomia, Ekonomiści, Gospodarka kapitalistyczna, Gospodarka, ekonomia, finanse, historia, Historia, Kryzysy gospodarcze, Nauki ekonomiczne, Opracowanie, Polityka gospodarcza, Polityka społeczna}
}

@book{landreth_historia_1998,
	address = {Warszawa},
	title = {Historia myśli ekonomicznej},
	isbn = {978-83-01-12397-0},
	language = {pl},
	publisher = {Wydawnictwo Naukowe PWN},
	author = {Landreth, Harry and Colander, David C.},
	translator = {Szeworski, Adam},
	year = {1998},
	keywords = {Ekonomia, historia}
}

@book{mandeville_letter_1953,
	address = {Los Angeles},
	title = {A letter to {Dion}},
	language = {en},
	publisher = {Augustan Reprint Society},
	author = {Mandeville, Bernard de},
	year = {1953},
	note = {OCLC: 65419501}
}

@book{mandeville_bajka_1957,
	address = {Warszawa},
	series = {Biblioteka {Klasyków} {Filozofii}},
	title = {Bajka o~pszczołach},
	language = {pl},
	publisher = {Państwowe Wydawnictwo Naukowe},
	author = {Mandeville, Bernard de},
	translator = {Glinczanka, Agnieszka and Chwalewik, Witold},
	year = {1957},
	keywords = {Etyka społeczna}
}

@book{mandeville_skromna_2016,
	address = {Warszawa},
	series = {Biblioteka {Kwartalnika} {Kronos}},
	title = {Skromna obrona domów publicznych albo rozprawa o~porubstwie},
	isbn = {978-83-62609-75-8},
	language = {pl},
	publisher = {Fundacja Augusta Hrabiego Cieszkowskiego},
	author = {Mandeville, Bernard de},
	translator = {Skrzypek, Marian},
	year = {2016},
	keywords = {18 w, dzieła przed 1800, krytyka i~interpretacja, Mandeville, Bernard de, Prostytucja, Wielka Brytania}
}

@book{menger_kleinere_1935,
	address = {London},
	title = {Kleinere {Schriften} zur {Methode} und {Geschichte} der {Volkswirtschaftslehre}},
	language = {de},
	publisher = {London School of Economics and Political Science},
	author = {Menger, Carl},
	year = {1935},
	note = {OCLC: 849217893}
}

@book{milgate_after_2009,
	address = {Princeton, New Jersey},
	title = {After {Adam} {Smith}: {A} {Century} of {Transformation} in {Politics} and {Political} {Economy}},
	isbn = {978-1-4008-3101-2},
	shorttitle = {After {Adam} {Smith}},
	url = {https://doi.org/10.1515/9781400831012},
	abstract = {Few issues are more central to our present predicaments than the relationship between economics and politics. After Adam Smith looks at how politics and political economy were articulated and altered in the century following the publication of Smith's Wealth of Nations. It considers how grand ideas about the connections between individual liberty, free markets, and social and economic justice sometimes attributed to Smith are as much the product of gradual modifications and changes wrought by later writers. Thomas Robert Malthus, David Ricardo, James Mill, John Stuart Mill, and other liberals.},
	language = {en},
	urldate = {2019-08-28},
	publisher = {Princeton University Press},
	author = {Milgate, Murray and Stimson, Shannon C},
	year = {2009},
	note = {OCLC: 434575527}
}

@book{montesquieu_o_2009,
	address = {Warszawa},
	series = {Biblioteka {Filozofów}},
	title = {O duchu praw},
	isbn = {978-83-7575-185-7},
	language = {pl},
	number = {14},
	publisher = {Hachette},
	author = {Montesquieu, Charles Louis de Secondat},
	translator = {Żeleński, Tadeusz},
	year = {2009},
	keywords = {1701-1800, 18 w, Doktryna prawna, filozofia, Podział władzy, Politologia, Polityka, politologia, administracja publiczna, Prawo, teoria, Władza (nauki społeczne)}
}

@book{muller_mind_2003,
	title = {The {Mind} and the {Market}: {Capitalism} in {Western} {Thought}},
	shorttitle = {The {Mind} and the {Market}},
	language = {en},
	publisher = {Anchor Books},
	author = {Muller, Jerry Z},
	year = {2003},
	note = {OCLC: 938000696}
}

@book{ostrom_dysponowanie_2013,
	address = {Warszawa},
	series = {Nobliści},
	title = {Dysponowanie wspólnymi zasobami},
	isbn = {978-83-264-0706-2},
	language = {pl},
	publisher = {Wolters Kluwers Polska},
	author = {Ostrom, Elinor},
	translator = {Wiankowska-\mbox{-Ładyka}, Zofia},
	year = {2013},
	keywords = {Własność komunalna, Wybór społeczny, Zarządzanie zasobami wodnymi}
}

@book{phelps_placa_2013,
	address = {Warszawa},
	series = {Nobel z~{Ekonomii}},
	title = {Płaca za pracę. {Jak} sprawić, by ludzie znów zaczęli uczestniczyć w~systemie wolnej przedsiębiorczości i~zarabiać na swoje utrzymanie},
	isbn = {978-83-63993-08-5},
	shorttitle = {Płaca za pracę},
	language = {pl},
	publisher = {Kurhaus Publishing},
	author = {Phelps, Edmund},
	translator = {Nowak, Paweł},
	year = {2013},
	keywords = {Płace, Stany Zjednoczone, Subwencje na zatrudnienie}
}

@book{rasmussen_pragmatic_2014,
	address = {Cambridge},
	title = {The {Pragmatic} {Enlightenment}: {Recovering} the {Liberalism} of {Hume}, {Smith}, {Montesquieu}, and {Voltaire}},
	isbn = {978-1-107-62299-9},
	shorttitle = {The {Pragmatic} {Enlightenment}},
	language = {en},
	publisher = {Cambridge University Press},
	author = {Rasmussen, Dennis Carl},
	year = {2014},
	keywords = {Enlightenment, Hume, David, Liberalism, Montesquieu, Charles de Secondat, Smith, Adam, Voltaire}
}

@book{rawls_wyklady_2010,
	address = {Warszawa},
	title = {Wykłady z~historii filozofii polityki},
	isbn = {978-83-61408-53-6},
	language = {pl},
	publisher = {Wydawnictwa Akademickie i~Profesjonalne},
	author = {Rawls, John},
	editor = {Freeman, Samuel Richard},
	translator = {Szymański, Sebastian},
	year = {2010},
	note = {OCLC: 751234335}
}

@book{reinert_how_2008,
	address = {London},
	title = {How Rich Countries Got Rich\ldots and Why Poor Countries Stay Poor},
	isbn = {978-1-58648-668-6},
	language = {en},
	publisher = {Constable},
	author = {Reinert, Erik S},
	year = {2008},
	note = {OCLC: 1040512662}
}

@book{robbins_essay_1932,
	address = {London},
	title = {An {Essay} on the {Nature} and {Significance} of {Economic} {Science}},
	language = {en},
	publisher = {Macmillan},
	author = {Robbins, Lionel Robbins},
	year = {1932},
	note = {OCLC: 695678240}
}

@book{roncaglia_wealth_2005,
	address = {Cambridge},
	title = {The {Wealth} of {Ideas}: {A} {History} of {Economic} {Thought}},
	isbn = {978-0-521-69187-1},
	shorttitle = {The {Wealth} of {Ideas}},
	abstract = {The Wealth of Ideas, first published in 2005, traces the history of economic thought, from its prehistory (the Bible, Classical antiquity) to the present day. In this eloquently written, scientifically rigorous and well documented book, chapters on William Petty, Adam Smith, David Ricardo, Karl Marx, William Stanley Jevons, Carl Menger, Léon Walras, Alfred Marshall, John Maynard Keynes, Joseph Schumpeter and Piero Sraffa alternate with chapters on other important figures and on debates of the period. Economic thought is seen as developing between two opposite poles: a~subjective one, based on the ideas of scarcity and utility, and an objective one based on the notions of physical costs and surplus. Professor Roncaglia focuses on the different views of the economy and society and on their evolution over time and critically evaluates the foundations of the scarcity-utility approach in comparison with the Classical/Keynesian approach.},
	language = {en},
	publisher = {Cambridge University Press},
	author = {Roncaglia, Alessandro},
	year = {2005},
	note = {OCLC: 967424749}
}

@book{rothschild_economic_2002,
	address = {Cambridge Mass.},
	title = {Economic {Sentiments}: {Adam} {Smith}, {Condorcet} and the {Enlightenment}},
	isbn = {978-0-674-00837-3},
	shorttitle = {Economic {Sentiments}},
	language = {French},
	publisher = {Harvard University Press},
	author = {Rothschild, Emma},
	year = {2002},
	note = {OCLC: 718498554}
}

@book{sawer_ethical_2003,
	address = {Carlton, Vic.},
	title = {The {Ethical} {State}?: {Social} {Liberalism} in {Australia}},
	isbn = {978-0-522-85082-6},
	shorttitle = {The {Ethical} {State}?},
	language = {en},
	publisher = {Melbourne University Press},
	author = {Sawer, Marian},
	year = {2003},
	note = {OCLC: 260105799}
}

@book{schumacher_male_1981,
	address = {Warszawa},
	series = {Biblioteka {Myśli} {Współczesnej}},
	title = {Małe jest piękne. {Spojrzenie} na gospodarkę świata z~założeniem, że człowiek coś znaczy},
	isbn = {978-83-06-00508-0},
	shorttitle = {Małe jest piękne},
	language = {pl},
	publisher = {Państwowy Instytut Wydawniczy},
	author = {Schumacher, Ernst Friedrich},
	translator = {Szymańska, Ewa and Strzelecki, Jerzy},
	year = {1981},
	keywords = {1945-1990, aspekt społeczny, Ekonomika, Kraje rozwijające się, Polityka gospodarcza, Rozwój ekonomiczny, sytuacja gospodarcza}
}

@book{sedlacek_ekonomia_2012,
	address = {Warszawa},
	title = {Ekonomia dobra i~zła. {W} poszukiwaniu istoty ekonomii od {Gilgamesza} do {Wall} {Street}},
	isbn = {978-83-62304-44-8},
	shorttitle = {Ekonomia dobra i~zła},
	language = {pl},
	publisher = {Wydawnictwo Studio EMKA},
	author = {Sedláček, Tomáš},
	translator = {Bakalarz, Dariusz},
	year = {2012},
	keywords = {aspekt moralny, Cywilizacja, Ekonomia, Ekonomika, Etyka, filozofia, Filozofia, historia}
}

@book{skousen_big_2007,
	address = {Armonk, N.Y.},
	title = {The {Big} {Three} in {Economics}: {Adam} {Smith}, {Karl} {Marx}, and {John} {Maynard} {Keynes}},
	isbn = {978-0-7656-1694-4},
	shorttitle = {The {Big} {Three} in {Economics}},
	language = {en},
	publisher = {M.E. Sharpe},
	author = {Skousen, Mark},
	year = {2007},
	note = {OCLC: 300397848},
	file = {Skousen - 2007 - The Big Three in Economics Adam Smith, Karl Marx,.pdf:/home/pawel/.zotero/zotero/2felkxqq.default/zotero/storage/74GTBGPU/Skousen - 2007 - The Big Three in Economics Adam Smith, Karl Marx,.pdf:application/pdf}
}

@book{smith_lectures_1982,
	address = {Indianapolis},
	title = {Lectures on {Jurisprudence}},
	isbn = {978-0-86597-011-3},
	language = {en},
	publisher = {Liberty Fund},
	author = {Smith, Adam},
	editor = {Meek, R. L},
	year = {1982}
}

@book{smith_teoria_1989,
	address = {Warszawa},
	series = {Biblioteka {Klasyków} {Filozofii}},
	title = {Teoria uczuć moralnych},
	isbn = {978-83-01-08276-5},
	language = {pl},
	publisher = {Państwowe Wydawnictwo Naukowe},
	author = {Smith, Adam},
	translator = {Petsch, Danuta},
	year = {1989},
	keywords = {dzieła przed 1800, Moralność}
}

@book{smith_badania_2007,
	address = {Warszawa},
	edition = {2},
	title = {Badania \hypertarget{smith-bib}nad naturą i~przyczynami bogactwa narodów.},
	volume = {1-2},
	language = {pl},
	publisher = {Wydawnictwo Naukowe PWN},
	author = {Smith, Adam},
	translator = {Prejbisz, Antoni and Jasińska, Bronisława},
	year = {2007},
	keywords = {Bogactwo, Klasyczna szkoła w~ekonomii}
}

@book{soll_reckoning:_2014,
	address = {New York},
	title = {The {Reckoning}: {Financial} {Accountability} and the {Rise} and {Fall} of {Nations}},
	isbn = {978-0-465-03663-9},
	shorttitle = {The {Reckoning}},
	language = {en},
	publisher = {Basic Books},
	author = {Soll, Jacob},
	year = {2014},
	note = {OCLC: 946548445}
}

@book{szacki_historia_1983,
	address = {Warszawa},
	edition = {2},
	title = {Historia myśli socjologicznej. {Cz}. 1-2},
	isbn = {978-83-01-05029-0},
	language = {pl},
	publisher = {Państwowe Wydawnictwo Naukowe},
	author = {Szacki, Jerzy},
	year = {1983},
	keywords = {1601-1700, 1701-1800, 1901-2000, historia, Historia, Nauki społeczne, Podręcznik, podręczniki akademickie, Socjologia, Socjologia i~społeczeństwo}
}

@book{tolstoj_anna_1986,
	address = {Warszawa},
	edition = {Wyd. 17},
	title = {Anna {Karenina}},
	isbn = {978-83-7018-032-4},
	language = {pl},
	publisher = {Wydawnictwo TPPR ,,Współpraca''},
	author = {Tolstoj, Lev Nikolaevič},
	translator = {Iłłakowiczówna, Kazimiera},
	year = {1986}
}

@book{wallerstein_analiza_2007,
	address = {Warszawa},
	title = {Analiza systemów-światów: wprowadzenie},
	isbn = {978-83-89899-71-2},
	shorttitle = {Analiza systemów-światów},
	language = {pl},
	publisher = {Dialog},
	author = {Wallerstein, Immanuel Maurice},
	translator = {Gawlicz, Katarzyna and Starnawski, Marcin},
	year = {2007},
	keywords = {aspekt społeczny, Globalizacja, Historia społeczna, Systemy społeczne, Zmiana społeczna}
}

@book{warsh_wiedza_2012,
	address = {Warszawa},
	edition = {2},
	title = {Wiedza i~bogactwo narodów: historia odkrycia ekonomicznego},
	isbn = {978-83-60653-19-7},
	shorttitle = {Wiedza i~bogactwo narodów},
	language = {pl},
	publisher = {Instytut Wiedzy i~Innowacji},
	author = {Warsh, David},
	translator = {Dekowski, Damian and Piech, Krzysztof},
	year = {2012},
	keywords = {badania, Ekonomia, Ekonomiści, historia, Stany Zjednoczone, studia i~nauczanie (akademickie)}
}
