
@book{hausman_etyka_2017_ost,
	address = {Kraków},
	title = {Etyka ekonomii. {Analiza} ekonomiczna, filozofia moralności i~polityka publiczna},
	isbn = {978-83-7886-330-4},
	shorttitle = {Etyka ekonomii},
	language = {pl},
	publisher = {Copernicus Center Press},
	author = {Hausman, Daniel M. and McPherson, Michael S. and Satz, Debra},
	translator = {Kwarciński, Tomasz and Gorazda, Marcin and Janus, Jakub and Mucha, Krystian and Solek, Adrian and Wierzchosławski, Rafał P. and Zachorowska-Mazurkiewicz, Anna},
	year = {2017},
	keywords = {aspekt moralny, Ekonomia, Ekonomika, Etyka, Polityka publiczna, Polityka społeczna}
}

@book{sedlacek_ekonomia_2012_ost,
	address = {Warszawa},
	title = {Ekonomia dobra i~zła:. {W} poszukiwaniu istoty ekonomii od {Gilgamesza} do {Wall} {Street}},
	isbn = {978-83-62304-44-8},
	shorttitle = {Ekonomia dobra i~zła},
	language = {pl},
	publisher = {Wydawnictwo Studio EMKA},
	author = {Sedláček, Tomáš},
	translator = {Bakalarz, Dariusz},
	year = {2012},
	keywords = {aspekt moralny, Cywilizacja, Ekonomia, Ekonomika, Etyka, filozofia, Filozofia, historia}
}

@book{smith_teoria_1989_ost,
	address = {Warszawa},
	series = {Biblioteka {Klasyków} {Filozofii}},
	title = {Teoria uczuć moralnych},
	isbn = {978-83-01-08276-5},
	language = {pl},
	publisher = {Państwowe Wydawnictwo Naukowe},
	author = {Smith, Adam},
	translator = {Petsch, Danuta},
	year = {1989},
	keywords = {dzieła przed 1800, Moralność}
}

@book{ainslie_breakdown_2001,
	address = {Cambridge},
	title = {Breakdown of {Will}},
	language = {en},
	publisher = {Cambridge University Press},
	author = {Ainslie, G.},
	year = {2001}
}

@article{backhouse_age_2017,
	title = {The age of the applied economist: the transformation of economics since the 1970s},
	volume = {49},
	language = {en},
	journal = {History of Political Economy},
	author = {Backhouse, R.E. and Cherrier, B.},
	year = {2017},
	pages = {1--33}
}

@book{becker_ekonomiczna_1990,
	address = {Warszawa},
	title = {Ekonomiczna teoria zachowań ludz­kich},
	language = {pl},
	publisher = {PWN},
	author = {Becker, G.},
	year = {1990}
}

@article{becker_economic_1993,
	title = {The economic way of looking at behavior},
	volume = {101},
	language = {en},
	number = {3},
	journal = {The Journal of Political Economy},
	author = {Becker, G.},
	year = {1993},
	pages = {385--409}
}

@article{becker_theory_1988,
	title = {A theory of rational addiction},
	volume = {96},
	language = {en},
	number = {4},
	journal = {Journal of Political Economy},
	author = {Becker, G. and Murphy, K.},
	year = {1988},
	pages = {675--700}
}

@article{becker_gustibus_1977,
	title = {De {Gustibus} {Non} {Est} {Disputandum}},
	volume = {67},
	language = {de},
	number = {2},
	journal = {American Economic Review},
	author = {Becker, G. and Stigler, G.},
	year = {1977},
	pages = {76--90}
}

@article{berg_as-if_2010,
	title = {As-if behavioral economics: {Neoclassical} economics in disguise?},
	volume = {18},
	language = {it},
	number = {1},
	journal = {History of Economic Ideas},
	author = {Berg, N. and Gigerenzer, G.},
	year = {2010},
	pages = {133--165}
}

@book{blaug_metodologia_1995,
	address = {Warszawa},
	title = {Metodologia ekonomii},
	language = {cs},
	publisher = {PWN},
	translator = {Czarny, B.},
	author = {Blaug, M.},
	year = {1995}
}

@article{blaug_ugly_1997,
	title = {Ugly currents in modern economics},
	volume = {18},
	language = {en},
	number = {17},
	journal = {Options Politiques},
	author = {Blaug, M.},
	year = {1997},
	pages = {3--8}
}

@article{blaug_formalist_2003,
	title = {The formalist revolution of the 1950s},
	volume = {25},
	language = {en},
	number = {2},
	journal = {Journal of the History of Economic Thought},
	author = {Blaug, M.},
	year = {2003},
	pages = {145--156}
}

@article{boland_critique_1979,
	title = {A critique of {Friedman}’s critics},
	volume = {17},
	language = {en},
	number = {2},
	journal = {Journal of Economic Literature},
	author = {Boland, L.A.},
	year = {1979},
	pages = {503--522}
}

@book{boldyrev_enacting_2016,
	address = {New York},
	title = {Enacting {Dismal} {Science}: {New} {Perspectives} on the {Performativity} of {Economics}},
	language = {en},
	publisher = {Palgrave Macmillan},
	editor = {Boldyrev, I. and Svetlova, E.},
	year = {2016}
}

@book{bruni_economics_2005,
	address = {Oxford},
	title = {Economics and {Happiness}: {Framing} the {Analysis}},
	language = {en},
	publisher = {Oxford University Press},
	author = {Bruni, Luigino and Porta, Pier Luigi},
	year = {2005}
}

@book{bruni_capabilities_2008,
	address = {Oxford},
	title = {Capabilities and {Happiness}},
	language = {en},
	publisher = {Oxford University Press},
	author = {Bruni, L. and Comin, F. and Pugno, M.},
	year = {2008}
}

@article{bruni_road_2007,
	title = {The road not taken: {How} psychology was removed from economics, and how it might be brought back},
	volume = {117},
	language = {en},
	number = {516},
	journal = {The Economic Journal},
	author = {Bruni, L. and Sugden, R.},
	year = {2007},
	pages = {146--173}
}

@book{caldwell_beyond_1982,
	address = {London},
	title = {Beyond {Positivism}: {Economic} {Methodology} in the {Twentieth} {Century}},
	language = {en},
	publisher = {Allen and Unwin},
	author = {Caldwell, B.},
	year = {1982}
}

@article{caldwell_critique_1992,
	title = {A {Critique} of {Friedman}’s {Methodological} {Instrumentalism}: {A} {Modification}},
	volume = {10},
	language = {en},
	journal = {Research in the History of Economic Thought and Methodology},
	author = {Caldwell, B.},
	year = {1992},
	pages = {119--128}
}

@book{carnap_philosophy_1935,
	address = {London},
	title = {Philosophy and {Logical} {Syntax}},
	language = {pt},
	publisher = {Kegan Paul},
	author = {Carnap, R.},
	year = {1935}
}

@book{carnap_logical_1936,
	address = {London},
	title = {Logical {Syntax} of {Language}},
	language = {en},
	publisher = {Routledge Kegan Paul},
	author = {Carnap, R.},
	year = {1936}
}

@article{coddington_rationale_1975,
	title = {The rationale of general equilibrium theory},
	volume = {13},
	language = {en},
	number = {4},
	journal = {Economic Inquiry},
	author = {Coddington, A.},
	year = {1975},
	pages = {539--58}
}

@article{colander_death_2000,
	title = {The death of neoclassical economics},
	volume = {22},
	language = {en},
	number = {2},
	journal = {Journal of the History of Economic Thought},
	author = {Colander, D.},
	year = {2000},
	pages = {127--143}
}

@article{cowen_self-constraint_1991,
	title = {Self-constraint versus self-liberation},
	volume = {101},
	language = {en},
	number = {2},
	journal = {Ethics},
	author = {Cowen, T.},
	year = {1991},
	pages = {360--373}
}

@book{czarny_pozytywizm_2010,
	address = {Warszawa},
	title = {Pozytywizm a~sądy wartościujące w~ekonomii},
	language = {pl},
	publisher = {Oficyna Wydawnicza SGH},
	author = {Czarny, B.},
	year = {2010}
}

@book{davis_theory_2003,
	address = {London},
	title = {The {Theory} of the {Individual} in {Economics}},
	language = {en},
	publisher = {Routledge},
	author = {Davis, J.B.},
	year = {2003}
}

@article{debreu_mathematization_1991,
	title = {The mathematization of economic theory},
	volume = {81},
	language = {en},
	number = {1},
	journal = {The American Economic Review},
	author = {Debreu, G.},
	year = {1991},
	pages = {1--7}
}

@book{dow_foundations_2012,
	address = {Basingstoke -- New York},
	title = {Foundations for {New} {Economic} {Thinking}: {A} {Collection} of {Essays}},
	language = {en},
	publisher = {Palgrave Macmillan},
	author = {Dow, Sheila C.},
	year = {2012}
}

@article{drakopoulos_review_2005,
	title = {A {Review} of {Kuhnian} and {Lakatosian} “{Explanations}” in {Economics}},
	volume = {13},
	language = {en},
	number = {2},
	journal = {History of Economic Ideas},
	author = {Drakopoulos, S.A. and Anastassios, D.K.},
	year = {2005},
	pages = {51--73}
}

@book{elster_multiple_1986,
	address = {Cambridge},
	title = {The {Multiple} {Self}},
	language = {en},
	publisher = {Cambridge University Press},
	editor = {Elster, J.},
	year = {1986}
}

@book{feyerabend_against_1975,
	address = {London},
	title = {Against {Method}},
	language = {en},
	publisher = {Verso},
	author = {Feyerabend, P.},
	year = {1975}
}

@article{fourcade_superiority_2015,
	title = {The superiority of economists},
	volume = {29},
	language = {en},
	number = {1},
	journal = {Journal of Economic Perspectives},
	author = {Fourcade, M. and Ollion, E. and Algan, Y.},
	year = {2015},
	pages = {89--114}
}

@article{frederick_time_2002,
	title = {Time discounting and time preference: {A} critical review},
	volume = {40},
	language = {en},
	number = {2},
	journal = {Journal of Economic Literature},
	author = {Frederick, S. and Loewenstein, G. and O’Donoghue, T.},
	year = {2002},
	pages = {351--401}
}

@book{frey_happiness_2010,
	address = {Cambridge},
	title = {Happiness. {A} revolution in {Economics}},
	language = {en},
	publisher = {The MIT Press},
	author = {Frey, B.S.},
	year = {2010}
}

@book{frey_economics_2018,
	address = {Cham},
	title = {Economics of {Happiness}},
	language = {en},
	publisher = {Springer},
	author = {Frey, B.S.},
	year = {2018}
}

@article{frey_what_2002,
	title = {What can economists learn from happiness research?},
	volume = {40},
	language = {en},
	number = {2},
	journal = {Journal of Economic Literature},
	author = {Frey, B.S. and Stutzer, A.},
	year = {2002},
	pages = {402--435}
}

@book{friedman_essays_1953,
	address = {Chicago},
	title = {Essays in {Positive} {Economics}},
	language = {en},
	publisher = {University of Chicago Press},
	author = {Friedman, M.},
	year = {1953}
}

@book{friedman_free_1980,
	address = {New York -- London},
	title = {Free to {Choose}: {A} {Personal} {Statement}},
	language = {en},
	publisher = {Houghton Mifflin Harcourt},
	author = {Friedman, M. and Friedman, R.},
	year = {1980}
}

@article{fudenberg_dual-self_2006,
	title = {A dual-self model of impulse control},
	volume = {96},
	language = {en},
	number = {5},
	journal = {American Economic Review},
	author = {Fudenberg, D. and Levine, D.K.},
	year = {2006},
	pages = {1449--1476}
}

@article{hands_second_1990,
	title = {Second thoughts on ‘{Second} thoughts’: {Reconsidering} the {Lakatosian} progress of the general theory},
	volume = {2},
	language = {en},
	number = {1},
	journal = {Review of Political Economy},
	author = {Hands, D.W.},
	year = {1990},
	pages = {69--81}
}

@incollection{hands_popper_1993,
	address = {London},
	title = {Popper and {Lakatos} in economic methodology},
	language = {en},
	booktitle = {Rationality, {Institutions} and {Economic} {Methodology}},
	publisher = {Routledge},
	author = {Hands, D.W.},
	editor = {Gustafsson, B. and Knudsen, C. and Mäki, U.},
	year = {1993},
	pages = {61--75}
}

@book{hands_reflection_2001,
	address = {Cambridge},
	title = {Reflection {Without} {Rules}: {Economic} {Methodology} and {Contemporary} {Science} {Theory}},
	language = {en},
	publisher = {Cambridge University Press},
	author = {Hands, D.W.},
	year = {2001}
}

@inproceedings{hands_effective_2007,
	address = {London},
	title = {Effective {Tension} in {Robbins}’s {Economic} {Methodology}},
	language = {en},
	booktitle = {Lionel {Robbins}’ essay on the nature and significance of economic science. {In} 75th {Anniversary} {Conference} {Proceedings}},
	publisher = {London School of Economics and Political Science},
	author = {Hands, D.W.},
	editor = {Cowell, F. and Witztum, A.},
	year = {2007},
	pages = {152--168}
}

@book{hausman_inexact_1992,
	address = {Cambridge},
	title = {The {Inexact} and {Separate} {Science} of {Economics}},
	language = {en},
	publisher = {Cambridge University Press},
	author = {Hausman, D.M.},
	year = {1992}
}

@article{hausman_taking_1993,
	title = {Taking ethics seriously: {Economics} and contemporary moral philosophy},
	volume = {31},
	language = {en},
	number = {2},
	journal = {Journal of Economic Literature},
	author = {Hausman, D.M. and McPherson, M.C.},
	year = {1993},
	pages = {671--731}
}

@book{hayek_fatal_1988,
	address = {Chicago},
	title = {The {Fatal} {Conceit}},
	language = {en},
	publisher = {University of Chicago Press},
	author = {Hayek, F.A.},
	year = {1988}
}

@unpublished{heilmann_rationality_2010,
	address = {London},
	type = {Doctoral dissertation, {London} {School} of {Economics} and {Political} {Science}},
	title = {Rationality and time: a~multiple-self model of personal identity over time for decision and game theory},
	url = {http://etheses.lse.ac.uk/id/eprint/2210},
	language = {en},
	urldate = {2019-08-29},
	author = {Heilmann, C.},
	year = {2010}
}

@unpublished{hoyningen-huene_revisiting_2017,
	type = {Unpublished manuscript},
	title = {Revisiting {Friedman}'s {F}53. {Popper}, {Knight}, and {Weber}},
	url = {archive.pitt.edu/12910/1/Friedmans%20F53.pdf},
	language = {en},
	urldate = {2019-08-29},
	author = {Hoyningen-Huene, P.},
	year = {2017}
}

@book{hume_traktat_1963,
	address = {Warszawa},
	title = {Traktat o~naturze ludzkiej},
	language = {pl},
	publisher = {PWN},
	author = {Hume, D.},
	translator = {Znamierowski, Cz},
	year = {1963}
}

@book{kahneman_pulapki_2012,
	address = {Poznań},
	title = {Pułapki myślenia. {O} myśleniu szybkim i~wolnym},
	language = {pl},
	translator = {Szymczak, P.},
	publisher = {Media Rodzina},
	author = {Kahneman, D.},
	year = {2012}
}

@article{kahneman_prospect_1979,
	title = {Prospect {Theory}: {An} {Analysis} of {Decision} under {Risk}},
	volume = {47},
	language = {en},
	number = {2},
	journal = {Econometrica},
	author = {Kahneman, D. and Tversky, A.},
	year = {1979},
	pages = {263--291}
}

@book{kahneman_well-being:_1999,
	title = {Well-being: {Foundations} of hedonic psychology},
	language = {de},
	publisher = {Russell Sage Foundation},
	editor = {Kahneman, D. and Diener, E. and Schwarz, N.},
	year = {1999}
}

@book{keynes_scope_1917,
	address = {London},
	edition = {4},
	title = {The {Scope} and {Method} of {Political} {Economy}},
	language = {en},
	publisher = {Macmillan \& Co},
	author = {Keynes, J.N.},
	year = {1917}
}

@book{knight_risk_1921,
	address = {New York},
	title = {Risk, {Uncertainty} and {Profit}},
	language = {en},
	publisher = {Sentry Press},
	author = {Knight, F.H.},
	year = {1921}
}

@book{kuhn_structure_1962,
	address = {Chicago},
	title = {The {Structure} of {Scientific} {Revolutions}},
	language = {en},
	publisher = {The University of Chicago Press},
	author = {Kuhn, T.},
	year = {1962}
}

@incollection{lakatos_falsification_1970,
	address = {Cambridge},
	title = {Falsification and the {Methodology} of {Scientific} {Research} {Programmes}},
	language = {en},
	booktitle = {Criticism and the {Growth} of {Knowledge}},
	publisher = {Cambridge University Press},
	author = {Lakatos, I.},
	editor = {Lakatos, I. and Musgrave, A.},
	year = {1970},
	pages = {91--196}
}

@book{lakatos_methodology_1980,
	title = {The {Methodology} of {Scientific} {Research} {Programmes}: {Philosphical} {Papers} vol {I}},
	language = {en},
	author = {Lakatos, I.},
	year = {1980}
}

@book{lakatos_pisma_1995,
	address = {Warszawa},
	title = {Pisma z~filozofii nauk empirycznych},
	language = {pl},
	translator = {Sady, W.},
	publisher = {PWN},
	author = {Lakatos, I.},
	year = {1995}
}

@article{lazear_economic_2000,
	title = {Economic imperialism},
	volume = {115},
	language = {pt},
	number = {1},
	journal = {The Quarterly Journal of Economics},
	author = {Lazear, E.P.},
	year = {2000},
	pages = {99--146}
}

@article{loewenstein_out_1996,
	title = {Out of control: visceral influences on behavior},
	volume = {65},
	language = {en},
	number = {3},
	journal = {Organizational Behavior and Human Decision Processes},
	author = {Loewenstein, G.},
	year = {1996},
	pages = {272--292}
}

@article{maki_economics_2009,
	title = {Economics imperialism: {Concept} and constraints},
	volume = {39},
	language = {en},
	number = {3},
	journal = {Philosophy of the Social Sciences},
	author = {Mäki, U.},
	year = {2009},
	pages = {351--380}
}

@incollection{maki_unrealistic_2009,
	title = {Unrealistic assumptions and unnecessary confusions: {Rereading} and rewriting {F}53 as a~realist statement},
	language = {en},
	booktitle = {The {Methodology} of {Positive} {Economics}. {Reflections} on the {Milton} {Friedman} {Legacy}},
	publisher = {Cambridge University Press},
	address = {Cambridge},
	author = {Mäki, U.},
	editor = {Mäki, U.},
	year = {2009},
	pages = {90--116}
}

@book{maki_scientific_2017,
	address = {London},
	title = {Scientific {Imperialism}: {Exploring} the {Boundaries} of {Interdisciplinarity}},
	language = {en},
	publisher = {Routledge},
	editor = {Mäki, U. and Walsh, A. and Pinto, M.F.},
	year = {2017}
}

@book{marchi_appraising_1991,
	address = {Aldershot},
	title = {Appraising {Economic} {Theories}: {Studies} in the {Methodology} of {Research} {Programs}},
	language = {en},
	publisher = {Elgar},
	author = {Marchi, N. De and Blaug, M.},
	year = {1991}
}

@book{mccloskey_rhetoric_1998,
	address = {Madison, Wis.},
	title = {The {Rhetoric} of {Economics}},
	language = {en},
	publisher = {University of Wisconsin Press},
	author = {McCloskey, D.N.},
	year = {1998}
}

@book{mirowski_machine_2002,
	address = {Cambridge},
	title = {Machine {Dreams}: {Economics} {Becomes} a~{Cyborg} {Science}},
	language = {en},
	publisher = {Cambridge University Press},
	author = {Mirowski, P.},
	year = {2002}
}

@article{modigliani_life_1966,
	title = {The {Life} {Cycle} {Hypothesis} of {Saving}, the {Demand} for {Wealth} and the {Supply} of {Capital}},
	volume = {33},
	language = {en},
	number = {2},
	journal = {Social Research},
	author = {Modigliani, F.},
	year = {1966},
	pages = {160--217}
}

@article{mongin_value_2006,
	title = {Value judgments and value neutrality in economics},
	volume = {73},
	language = {en},
	number = {290},
	journal = {Economica},
	author = {Mongin, P.},
	year = {2006},
	pages = {257--286}
}

@incollection{neurath_anti-spengler_1973,
	address = {Dordrecht},
	title = {Anti-{Spengler}},
	language = {nl},
	booktitle = {Empiricism and {Sociology}},
	publisher = {Springer},
	author = {Neurath, O.},
	editor = {Neurath, M. and Cohen, R.S.},
	year = {1973},
	pages = {158--213}
}

@article{ostapiuk_matematyzacja_2017,
	title = {Matematyzacja ekonomii -- grzech pierworodny? {Wieloaspektowa} analiza wpływu i~przyczyn},
	volume = {13},
	language = {pl},
	number = {1},
	journal = {Ekonomia XXI Wieku},
	author = {Ostapiuk, A.},
	year = {2017},
	pages = {91--105}
}

@article{ostapiuk_moralna_2017,
	title = {Moralna ekonomia -- homo oeconomicus jako istota pomagająca innym},
	volume = {13},
	language = {pl},
	number = {1},
	journal = {Ekonomia XXI Wieku},
	author = {Ostapiuk, A.},
	year = {2017},
	pages = {70--91}
}

@article{ostapiuk_human_2018,
	title = {Human now versus human over time. {When} instrumental rationality and utility are not enough},
	url = {https://doi.org/10.2298/PAN161203026O},
	language = {en},
	journal = {Panoeconomicus. Advance online publication},
	author = {Ostapiuk, A.},
	year = {2018}
}

@book{popper_logic_1959,
	address = {New York},
	title = {The {Logic} of {Scientific} {Discovery}},
	language = {en},
	publisher = {Basic Books},
	author = {Popper, K.},
	year = {1959}
}

@book{putnam_collapse_2002,
	address = {Cambridge},
	title = {The {Collapse} of the {Fact}/{Value} {Dichotomy} and {Other} {Essays}},
	language = {en},
	publisher = {Harvard University Press},
	author = {Putnam, H.},
	year = {2002}
}

@book{putnam_end_2011,
	address = {London},
	title = {The {End} of {Value}-{Free} {Economics}},
	language = {en},
	publisher = {Routledge},
	editor = {Putnam, H. and Walsh, V.},
	year = {2011}
}

@article{quine_two_1951,
	title = {Two {Dogmas} of {Empiricism}},
	volume = {60},
	language = {pt},
	number = {1},
	journal = {The Philosophical Review},
	author = {Quine, W.V.O.},
	year = {1951},
	pages = {20--43}
}

@article{read_which_2006,
	title = {Which side are you on? {The} ethics of self-command},
	volume = {27},
	language = {en},
	number = {5},
	journal = {Journal of Economic Psychology},
	author = {Read, D.},
	year = {2006},
	pages = {681--693}
}

@book{reiss_philosophy_2013,
	address = {New York},
	title = {Philosophy of {Economics}: {A} {Contemporary} {Introduction}},
	language = {en},
	publisher = {Routledge},
	author = {Reiss, J.},
	year = {2013}
}

@article{richardson_geometry_2003,
	title = {The geometry of knowledge: {Lewis}, {Becker}, {Carnap} and the formalization of philosophy in the 1920s.},
	volume = {34},
	language = {en},
	number = {1},
	journal = {Studies in History and Philosophy of Science Part A},
	author = {Richardson, A.},
	year = {2003},
	pages = {165--182}
}

@book{robbins_essay_1935,
	address = {London},
	title = {An {Essay} on the {Nature} and {Significance} of {Economic} {Science}},
	language = {en},
	publisher = {Macmillan},
	author = {Robbins, L.},
	year = {1935}
}

@book{rodrik_economics_2015,
	address = {New York -- London},
	title = {Economics {Rules}: {The} {Rights} and {Wrongs} of the {Dismal} {Science}},
	language = {en},
	publisher = {W.W. Norton \& Company},
	author = {Rodrik, D.},
	year = {2015}
}

@misc{noauthor_royal_1993,
	title = {Royal {Swedish} {Academy} of {Sciences}, press release. {The} {Nobel} {Memorial} {Prize} in {Economics} 1992},
	volume = {89},
	language = {en},
	journal = {Scandinavian Journal of Economics},
	year = {1993},
	pages = {1--5}
}

@article{samuelson_note_1937,
	title = {A {Note} on {Measurement} of {Utility}},
	volume = {4},
	language = {en},
	number = {2},
	journal = {The Review of Economic Studies},
	author = {Samuelson, P.},
	year = {1937},
	pages = {155--161}
}

@article{samuelson_note_1938,
	title = {A {Note} on the {Pure} {Theory} of {Consumer}’s {Behaviour}},
	volume = {5},
	language = {en},
	number = {17},
	journal = {Economica},
	author = {Samuelson, P.},
	year = {1938},
	pages = {61--71}
}

@article{samuelson_economic_1952,
	title = {Economic {Theory} and {Mathematics} – an {Appraisal}},
	volume = {42},
	language = {en},
	number = {2},
	journal = {American Economic Review},
	author = {Samuelson, P.},
	year = {1952},
	pages = {56--66}
}

@incollection{samuelson_my_1992,
	address = {Cambridge},
	title = {My {Life} {Philosophy}: {Policy} {Credos} and {Working} {Ways}},
	language = {en},
	booktitle = {Eminent {Economists}: {Their} {Life} {Philosophies}},
	publisher = {Cambridge University Press},
	author = {Samuelson, P.},
	editor = {Szenberg, M.},
	year = {1992},
	pages = {236--247}
}

@article{schelling_intimate_1980,
	title = {The intimate contest for self-command},
	volume = {60},
	language = {en},
	journal = {Public Interest},
	author = {Schelling, T.C.},
	year = {1980},
	pages = {94--116}
}

@article{schelling_self-command_1984,
	title = {Self-command in practice, in policy, and in a~theory of rational choice},
	volume = {74},
	language = {en},
	number = {2},
	journal = {The American Economic Review},
	author = {Schelling, T.C.},
	year = {1984},
	pages = {1--11}
}

@article{schelling_enforcing_1985,
	title = {Enforcing rules on oneself},
	volume = {1},
	language = {en},
	number = {2},
	journal = {Journal of Law, Economics and Organization},
	author = {Schelling, T.C.},
	year = {1985},
	pages = {357--374}
}

@article{schelling_coping_1996,
	title = {Coping rationality with lapses from rationality},
	volume = {22},
	language = {en},
	number = {3},
	journal = {Eastern Economic Journal},
	author = {Schelling, T.C.},
	year = {1996},
	pages = {251--269}
}

@article{sen_choice_1971,
	title = {Choice {Functions} and {Revealed} {Preference}},
	volume = {38},
	language = {en},
	number = {3},
	journal = {Review of Economic Studies},
	author = {Sen, A.K.},
	year = {1971},
	pages = {307--17}
}

@article{sen_behaviour_1973,
	title = {Behaviour and the {Concept} of {Preference}},
	volume = {40},
	language = {en},
	number = {159},
	journal = {Economica},
	author = {Sen, A.K.},
	year = {1973},
	pages = {241--59}
}

@article{sen_rational_1977,
	title = {Rational {Fools}: {A} {Critique} of the {Behavioural} {Foundations} of {Economic} {Theory}},
	volume = {6},
	language = {en},
	number = {4},
	journal = {Philosophy and Public Affairs},
	author = {Sen, A.K.},
	year = {1977},
	pages = {317--344}
}

@book{sen_ethics_1987,
	address = {Malden, MA},
	title = {On {Ethics} \& {Economics}},
	language = {it},
	publisher = {Blackwell},
	author = {Sen, A.K.},
	year = {1987}
}

@book{sen_development_1999,
	address = {New York},
	title = {Development {As} {Freedom}},
	language = {nl},
	publisher = {Knopf},
	author = {Sen, A.K.},
	year = {1999}
}

@book{sen_rationality_2002,
	address = {Cambridge},
	title = {Rationality and {Freedom}},
	language = {en},
	publisher = {Harvard University Press},
	author = {Sen, A.K.},
	year = {2002}
}

@book{simon_administrative_1947,
	address = {New York},
	title = {Administrative {Behavior}: A~{Study} of {Decision}-{Making} {Processes} in {Administrative} {Organization}},
	language = {en},
	publisher = {The Free Press},
	author = {Simon, H.A.},
	year = {1947}
}

@misc{noauthor_stenogram_2018,
	title = {Stenogram z~otwartego  seminarium  {Rady}  {Naukowej}  {Polskiego}  {Towarzystwa} {Ekonomicznego} zorganizowanego  wspólnie  z~ {Komitetem}  {Nauk}  {Ekonomicznych}  {PAN} pt.  „{Ekonomia} behawioralna a~ekonomia głównego nurtu”},
	shorttitle = {Stenogram},
	url = {http://pte.pl/pliki/2/1/autoryzowany_stenogram18_01_17.pdf},
	language = {pl},
	urldate = {2019-08-29},
	year = {2018}
}

@article{stigler_development_1950,
	title = {The development of utility theory. {I}},
	volume = {58},
	language = {en},
	number = {4},
	journal = {Journal of Political Economy},
	author = {Stigler, G.J.},
	year = {1950},
	pages = {307--327}
}

@article{strotz_myopia_1955,
	title = {Myopia and inconsistency in dynamic utility maximization},
	volume = {23},
	language = {en},
	number = {2},
	journal = {Review of Economic Studies},
	author = {Strotz, R.},
	year = {1955},
	pages = {165--180}
}

@article{thaler_toward_1980,
	title = {Toward a~{Positive} {Theory} of {Consumer} {Choice}},
	volume = {1},
	language = {en},
	number = {1},
	journal = {Journal of Economic Behavior and Organization},
	author = {Thaler, R.H.},
	year = {1980},
	pages = {39--60}
}

@book{thaler_misbehaving:_2015,
	address = {New York -- London},
	title = {Misbehaving: {The} {Making} of {Behavioral} {Economics}},
	language = {en},
	publisher = {W.W. Norton \& Company},
	author = {Thaler, R.H.},
	year = {2015}
}

@article{thaler_economic_1981,
	title = {An economic theory of self-control},
	volume = {89},
	language = {en},
	number = {2},
	journal = {Journal of Political Economy},
	author = {Thaler, R.H. and Shefrin, H.M.},
	year = {1981},
	pages = {392--406}
}

@book{weber_methodology_1949,
	address = {Glencoe},
	title = {The {Methodology} of the {Social} {Sciences}},
	language = {en},
	publisher = {The Free Press},
	author = {Weber, M.},
	translator = {Shils, E. and Finch, H.},
	year = {1949}
}

@book{weintraub_how_2002,
	address = {Durham},
	title = {How {Economics} {Became} a~{Mathematical} {Science}},
	language = {en},
	publisher = {Duke University Press},
	author = {Weintraub, R.E.},
	year = {2002}
}

@inproceedings{witztum_ethics_2007,
	address = {London},
	title = {Ethics and the {Science} of {Economics}: {Robbins}’s {Enduring} {Fallacy}},
	language = {en},
	booktitle = {Lionel {Robbins}’ essay on the nature and significance of economic science. {In} 75th {Anniversary} {Conference} {Proceedings}},
	author = {Witztum, A.},
	editor = {Cowell, F. and Witztum, A.},
	year = {2007},
	pages = {57--85}
}

@book{wong_foundations_2006,
	address = {London},
	title = {Foundations of {Paul} {Samuelson}'s {Revealed} {Preference} {Theory}: {A} study by the method of rational reconstruction},
	language = {en},
	publisher = {Routledge},
	author = {Wong, S.},
	year = {2006}
}

@book{yuengert_positive-normative_2000,
	address = {Malibu, CA},
	title = {The {Positive}-{Normative} {Distinction} {Before} the {Fact}-{Value} {Distinction}},
	language = {en},
	publisher = {Pepperdine University},
	author = {Yuengert, Andrew M.},
	year = {2000}
}

@article{zboron_dyskurs_2013,
	title = {Dyskurs metodologiczny we współczesnej ekonomii -- próba dekonstrukcji podejścia modernistycznego},
	volume = {1},
	language = {pl},
	number = {76},
	journal = {Studia Ekonomiczne},
	author = {Zboroń, H.},
	year = {2013},
	pages = {13--45}
}

@article{van_dalen_values_2019,
	title = {Values of economists matter in the art and science of economics},
	volume = {72},
	language = {fr},
	number = {3},
	journal = {Kyklos},
	author = {Van Dalen, H.P.},
	year = {2019},
	pages = {472--499}
}

@book{callon_what_2006,
	address = {Paris},
	series = {{CSI} {Working} {Papers} {Series}},
	title = {What {Does} {It} {Mean} to {Say} {That} {Economics} {Is} {Performative}?},
	url = {https://halshs.archives-ouvertes.fr/halshs-00091596},
	language = {en},
	number = {5},
	urldate = {2019-08-29},
	publisher = {Centre de Sociologie de l’Innovation Ecole des Mines de Paris},
	author = {Callon, Michel},
	year = {2006},
	file = {Callon - What does it mean to say that economics is perform.pdf:/home/pawel/.zotero/zotero/2felkxqq.default/zotero/storage/UKUR2J57/Callon - What does it mean to say that economics is perform.pdf:application/pdf}
}

@article{beed_what_1991,
	title = {What is the critique of the mathematization of economics?},
	volume = {44},
	issn = {1467-6435},
	url = {https://onlinelibrary.wiley.com/doi/abs/10.1111/j.1467-6435.1991.tb01798.x},
	doi = {10.1111/j.1467-6435.1991.tb01798.x},
	language = {en},
	number = {4},
	urldate = {2019-08-29},
	journal = {Kyklos},
	author = {Beed, Clive and Kane, Owen},
	year = {1991},
	pages = {581--612},
	file = {Snapshot:/home/pawel/.zotero/zotero/2felkxqq.default/zotero/storage/7N6TVF5S/j.1467-6435.1991.tb01798.html:text/html}
}

@book{bruni_handbook_2007,
	address = {Cheltenham, UK -- Northampton, MA},
	title = {Handbook on the {Economics} of {Happiness}},
	isbn = {978-1-84376-826-5},
	language = {en},
	publisher = {Edward Elgar},
	editor = {Bruni, Luigino and Porta, Pier Luigi},
	year = {2007},
	keywords = {Economics, Happiness, Psychological aspects}
}

@book{colander_how_2018,
	address = {Cheltenham, UK},
	title = {How {Economics} {Should} {Be} {Done}: {Essays} on the {Art} and {Craft} of {Economics}},
	isbn = {978-1-78643-590-3},
	shorttitle = {How {Economics} {Should} {Be} {Done}},
	language = {en},
	publisher = {Edward Elgar Publishing},
	author = {Colander, David C and Su, Huei-chun},
	year = {2018}
}

@inproceedings{heilmann_rationality_2010-1,
	address = {London},
	title = {Rationality and time: a~multiple-self model of personal identity over time for decision and game theory},
	url = {http://etheses.lse.ac.uk/id/eprint/2210},
	language = {en},
	urldate = {2019-08-29},
	author = {Heilmann, C.},
	year = {2010}
}
