
@book{gorazda_filozofia_2014,
	address = {Kraków},
	series = {Bramy {Nauki}},
	title = {Filozofia ekonomii},
	isbn = {978-83-7886-044-0},
	language = {pl},
	publisher = {Copernicus Center Press},
	author = {Gorazda, Marcin},
	year = {2014},
	keywords = {Ekonomia, filozofia, Filozofia, historia}
}

@book{samuelson_ekonomia_2000,
	address = {Warszawa},
	edition = {1},
	title = {Ekonomia},
	isbn = {978-83-01-14091-5},
	language = {pl},
	publisher = {Wydawnictwo Naukowe PWN},
	author = {Samuelson, Paul Anthony and Nordhaus, William D.},
	translator = {Hagemejer, Helena and Hagemejer, Krzysztof and Czekaj, Jan},
	year = {2000},
	keywords = {Ekonomia, podręczniki akademickie}
}

@book{hausman_etyka_2017,
	address = {Kraków},
	title = {Etyka ekonomii. {Analiza} ekonomiczna, filozofia moralności i~polityka publiczna},
	isbn = {978-83-7886-330-4},
	shorttitle = {Etyka ekonomii},
	language = {pl},
	publisher = {Copernicus Center Press},
	author = {Hausman, Daniel M. and McPherson, Michael S. and Satz, Debra},
	translator = {Kwarciński, Tomasz and Gorazda, Marcin and Janus, Jakub and Mucha, Krystian and Solek, Adrian and Wierzchosławski, Rafał P. and Zachorowska-Mazurkiewicz, Anna},
	year = {2017},
	keywords = {aspekt moralny, Ekonomia, Ekonomika, Etyka, Polityka publiczna, Polityka społeczna}
}

@book{smith_teoria_1989,
	address = {Warszawa},
	series = {Biblioteka {Klasyków} {Filozofii}},
	title = {Teoria uczuć moralnych},
	isbn = {978-83-01-08276-5},
	language = {pl},
	publisher = {Państwowe Wydawnictwo Naukowe},
	author = {Smith, Adam},
	translator = {Petsch, Danuta},
	year = {1989},
	keywords = {dzieła przed 1800, Moralność}
}

@book{smith_badania_2007,
	address = {Warszawa},
	edition = {2},
	title = {Badania nad naturą i~przyczynami bogactwa narodów. {T}. 1-2},
	language = {pl},
	publisher = {Wydawnictwo Naukowe PWN},
	author = {Smith, Adam},
	translator = {Prejbisz, Antoni and Jasińska, Bronisława},
	year = {2007},
	keywords = {Bogactwo, Klasyczna szkoła w~ekonomii}
}

@book{smith_inquiry_2007,
	address = {Amsterdam -- Lausanne -- Melbourne~-- Milano -- New York -- São Paulo},
	title = {An {Inquiry} into the {Nature} and {Causes} of the {Wealth} of {Nations}},
	url = {https://www.ibiblio.org/ml/libri/s/SmithA_WealthNations_p.pdf},
	language = {en},
	urldate = {2019-09-02},
	publisher = {ΜεταLibri},
	author = {Smith, Adam},
	editor = {Soares, S. M.},
	year = {2007},
	file = {SmithA_WealthNations_p.pdf:/home/pawel/.zotero/zotero/2felkxqq.default/zotero/storage/BSRLVR8C/SmithA_WealthNations_p.pdf:application/pdf}
}

@book{bielski_organizacje:_1997,
	address = {Łódź},
	edition = {2},
	title = {Organizacje: istota, struktury, procesy},
	isbn = {978-83-7016-925-1},
	shorttitle = {Organizacje},
	language = {pl},
	publisher = {Wydawnictwo Uniwersytetu Łódzkiego},
	author = {Bielski, Marcin},
	year = {1997},
	keywords = {Organizacja, podręczniki akademickie}
}

@book{black_slownik_2008,
	address = {Warszawa},
	title = {Słownik ekonomii},
	isbn = {978-83-01-15079-2},
	language = {pl},
	publisher = {Wydawnictwo Naukowe PWN},
	author = {Black, John},
	year = {2008},
	keywords = {Ekonomia, encyklopedie}
}

@incollection{bladen_introduction_1965,
	address = {London},
	title = {Introduction},
	language = {en},
	booktitle = {Principles of {Political} {Economy} with {Some} of {Their} {Applications} to {Social} {Philosophy}},
	publisher = {Routlege \& Kegan Paul},
	author = {Bladen, V.W.},
	collaborator = {Mill, John Stuart},
	year = {1965},
	pages = {xxiii--lxiii},
	file = {Bladen - 1965 - Introduction.pdf:/home/pawel/.zotero/zotero/2felkxqq.default/zotero/storage/F8ZKUM6J/Bladen - 1965 - Introduction.pdf:application/pdf}
}

@book{bochenek_problem_1999,
	address = {Warszawa},
	title = {Problem racjonalności w~polskiej myśli ekonomicznej},
	isbn = {978-83-87251-40-6},
	language = {pl},
	publisher = {Wydawnictwo ,,Key Text''},
	author = {Bochenek, Mirosław},
	year = {1999},
	keywords = {badania historia, Ekonomia, Polska, sytuacja gospodarcza}
}

@article{coase_adam_1976,
	title = {Adam {Smith}'s {View} of {Man}},
	volume = {19},
	issn = {0022-2186},
	url = {https://www.jstor.org/stable/725080},
	language = {en},
	number = {3},
	urldate = {2019-09-02},
	journal = {The Journal of Law \& Economics},
	author = {Coase, R. H.},
	year = {1976},
	pages = {529--546}
}

@book{fleischacker_adam_2005,
	address = {Princeton, NJ},
	title = {On {Adam} {Smith}'s {Wealth} of {Nations}: {A} {Philosophical} {Companion}},
	isbn = {978-0-691-12390-5},
	shorttitle = {On {Adam} {Smith}'s {Wealth} of {Nations}},
	language = {en},
	publisher = {Princeton University Press},
	author = {Fleischacker, Samuel},
	year = {2005},
	note = {OCLC: 255676035},
	file = {Table of Contents PDF:/home/pawel/.zotero/zotero/2felkxqq.default/zotero/storage/BQ3GQITB/Fleischacker - 2005 - On Adam Smith's Wealth of nations a~philosophical.pdf:application/pdf}
}

@article{fukuyama_end_1989,
	title = {The {End} of {History}?},
	issn = {0884-9382},
	url = {https://www.jstor.org/stable/24027184},
	language = {en},
	number = {16 (summer)},
	urldate = {2019-09-02},
	journal = {The National Interest},
	author = {Fukuyama, Francis},
	year = {1989},
	pages = {3--18},
	file = {ref1-22june06.pdf:/home/pawel/.zotero/zotero/2felkxqq.default/zotero/storage/B4UEWK95/ref1-22june06.pdf:application/pdf}
}

@incollection{hansson_preferences_2018,
	edition = {Summer 2018 Edition},
	title = {Preferences},
	url = {https://plato.stanford.edu/archives/sum2018/entries/preferences/},
	language = {en},
	urldate = {2019-09-02},
	booktitle = {The {Stanford} {Encyclopedia} of {Philosophy}},
	author = {Hansson, Sven Ove and Grüne-Yanoff, Till},
	editor = {Zalta, Edward N.},
	year = {2018},
	file = {Snapshot:/home/pawel/.zotero/zotero/2felkxqq.default/zotero/storage/4ZUE9RD4/preferences.html:text/html}
}

@incollection{klosinski_racjonalnosc_2009,
	address = {Lublin},
	title = {Racjonalność ekonomiczna i~zasady moralne},
	isbn = {978-83-7363-936-2},
	language = {pl},
	booktitle = {Człowiek i~jego decyzje. 1},
	publisher = {Wydawnictwo KUL},
	author = {Kwarciński, Tomasz},
	editor = {Kłosiński, Kazimierz Albin and Biela, Adam},
	year = {2009},
	keywords = {aspekt społeczny, Decyzja (etyka), Podejmowanie decyzji},
	pages = {145--155}
}

@book{lange_ekonomia_1978,
	address = {Warszawa},
	title = {Ekonomia polityczna. {T}. 1-2},
	language = {pl},
	publisher = {Państwowe Wydawnictwo Naukowe},
	author = {Lange, Oskar},
	year = {1978},
	keywords = {Ekonomia, podręczniki akademickie}
}

@book{mccloskey_bourgeois_2016,
	address = {Chicago -- London},
	title = {Bourgeois {Equality}: {How} {Ideas}, {Not} {Capital} or {Institutions}, {Enriched} the {World}},
	isbn = {978-0-226-33399-1},
	shorttitle = {Bourgeois {Equality}},
	language = {en},
	publisher = {University of Chicago Press},
	author = {McCloskey, Deirdre N.},
	year = {2016},
	keywords = {1501-1600, 1601-1700, 1701-1800, 1801-1900, 1901-2000, aspekt moralny, Dobrobyt, Dochód, Ekonomia, Gospodarka, ekonomia, finanse, Historia, Historia gospodarcza, Jakość życia, Podręcznik, Postęp, Postęp techniczny, Sprawiedliwość społeczna}
}

@book{mill_essays_2000,
	address = {Kitchener, Ontario},
	title = {Essays on {Some} {Unsettled} {Questions} of {Political} {Economy}},
	url = {http://socserv.mcmaster.ca/econ/ugcm/3ll3/mill/Questions.pdf},
	language = {en},
	urldate = {2019-09-02},
	publisher = {Batoche Books},
	author = {Mill, John Stuart},
	year = {2000},
	note = {OCLC: 936759320}
}

@book{myers_soul_1983,
	address = {Chicago, Ill. -- London},
	title = {The {Soul} of {Modern} {Economic} {Man}: {Ideas} of {Self}-{Interest}: {Thomas} {Hobbes} to {Adam} {Smith}},
	isbn = {978-0-226-55448-8},
	shorttitle = {The {Soul} of {Modern} {Economic} {Man}},
	language = {en},
	publisher = {University of Chicago Press},
	author = {Myers, Milton Linwood},
	year = {1983},
	note = {OCLC: 797141822}
}

@article{persky_retrospectives:_1995,
	title = {Retrospectives: {The} {Ethology} of {Homo} {Economicus}},
	volume = {9},
	issn = {0895-3309},
	shorttitle = {Retrospectives},
	url = {http://pubs.aeaweb.org/doi/10.1257/jep.9.2.221},
	doi = {10.1257/jep.9.2.221},
	language = {en},
	number = {2},
	urldate = {2019-09-02},
	journal = {Journal of Economic Perspectives},
	author = {Persky, Joseph},
	month = may,
	year = {1995},
	pages = {221--231}
}

@book{smith_theory_1969,
	address = {New Rochelle, NY},
	title = {The {Theory} of {Moral} {Sentiments}},
	language = {en},
	publisher = {Arlington House},
	author = {Smith, Adam},
	year = {1969},
	note = {OCLC: 814409143}
}

@article{wilson_adam_2006,
	title = {Das {Adam} {Smith} {Problem}},
	volume = {5},
	issn = {1476-7430},
	url = {https://doi.org/10.1558/jocr.v5i2.251},
	doi = {10.1558/jocr.v5i2.251},
	abstract = {The old Das Adam Smith Problem is no longer tenable. Few today believe that Smith postulates two contradictory principles of human action: one in the Wealth of Nations and another in the Theory of Moral Sentiments. Nevertheless, an Adam Smith problem of sorts endures: there is still no widely agreed version of what it is that links these two texts, aside from their common author; no widely agreed version of how, if at all, Smith's postulation of self-interest as the organising principle of economic activity fits in with his wider moral-ethical concerns.We argue that the enduring Adam Smith problem may be solved by recourse to a~realist perspective that recognises the different levels of social reality to which Smith refers in his discourse. Essential to Smith, we try to show, is the action-theoretic distinction between motive and capacity; between a~typology of empirical human acts, on the one hand—self-love and benevolence in Smiths terminology—and the (non-empirical) condition of possibility of all human action—what Smith calls the sympathetic principle—on the other.},
	number = {2},
	urldate = {2019-09-02},
	journal = {Journal of Critical Realism},
	author = {Wilson, David and Dixon, William},
	month = aug,
	year = {2006},
	keywords = {realism, self, Smith, social},
	pages = {251--272},
	file = {Snapshot:/home/pawel/.zotero/zotero/2felkxqq.default/zotero/storage/4YBBNRKY/jocr.v5i2.html:text/html}
}

@book{milewski_elementarne_2003,
	address = {Warszawa},
	edition = {2 zm. i~rozsz.},
	title = {Elementarne zagadnienia ekonomii},
	isbn = {978-83-01-12932-3},
	language = {pl},
	publisher = {Wydawnictwo Naukowe PWN},
	editor = {Milewski, Roman},
	year = {2003},
	keywords = {Ekonomia, podręczniki akademickie}
}

@book{edgeworth_mathematical_1881,
	address = {London},
	title = {Mathematical {Psychics}: {An} {Essay} on the {Application} of {Mathematics} to the {Moral} {Sciences}},
	url = {http://historyofeconomicthought.mcmaster.ca/edgeworth/mathpsychics.pdf},
	language = {en},
	urldate = {2019-09-02},
	publisher = {Kegan Paul},
	author = {Edgeworth, Y., Francis},
	year = {1881},
	file = {Edgeworth - 1881 - Mathematical Psychics An Essay on the Application.pdf:/home/pawel/.zotero/zotero/2felkxqq.default/zotero/storage/2CAQKWXP/Edgeworth - 1881 - Mathematical Psychics An Essay on the Application.pdf:application/pdf}
}

@book{marshall_zasady_1925,
	address = {Warszawa},
	title = {Zasady ekonomiki},
	language = {pl},
	publisher = {Wydawnictwo M. Arcta},
	author = {Marshall, A.},
	year = {1925}
}

@article{lubinski_rola_2019,
	title = {Rola państwa i~prawa w~systemie {Adama} {Smitha}},
	issn = {2451-0602},
	language = {pl},
	number = {67},
	journal = {Philosophical Problems in Science (Zagadnienia Filozoficzne w~Nauce)},
	author = {Lubiński, Filip},
	year = {2019},
	pages = {\pageref{lub-start}--\pageref{lub-stop}}
}

@book{smith_theory_2005,
	address = {São Paulo},
	title = {The {Theory} of {Moral} {Sentiments}},
	url = {https://www.ibiblio.org/ml/libri/s/SmithA_MoralSentiments_p.pdf},
	language = {en},
	urldate = {2019-09-03},
	publisher = {ΜεταLibri},
	author = {Smith, Adam},
	year = {2005},
	file = {Smith - The Theory of Moral Sentiments.pdf:/home/pawel/.zotero/zotero/2felkxqq.default/zotero/storage/JNYU9LJD/Smith - The Theory of Moral Sentiments.pdf:application/pdf}
}

@article{przybyla_adam_2006,
	title = {Adam {Smith} -- prekursor etyki gospodarczej},
	volume = {35},
	url = {https://www.ue.katowice.pl/fileadmin/user_upload/wydawnictwo/SE_Archiwalne/SE_35/01.pdf},
	language = {pl},
	urldate = {2019-09-03},
	journal = {Studia Ekonomiczne},
	author = {Przybyła, Helena},
	year = {2006},
	pages = {11--36},
	file = {Przybyła - ADAM SMITH - PREKURSOR ETYKI GOSPODARCZEJ.pdf:/home/pawel/.zotero/zotero/2felkxqq.default/zotero/storage/X5IEGWMI/Przybyła - ADAM SMITH - PREKURSOR ETYKI GOSPODARCZEJ.pdf:application/pdf}
}
