
@article{antczak_nowe_2012,
	title = {Nowe ujęcie wskaźnika rozwoju społecznego {HDI}},
	issn = {1234-8872},
	url = {http://yadda.icm.edu.pl/yadda/element/bwmeta1.element.ekon-element-000171302839},
	language = {pl},
	number = {117},
	urldate = {2019-08-29},
	journal = {Studia i Prace Kolegium Zarządzania i Finansów},
	author = {Antczak, Radosław},
	year = {2012},
	pages = {7--24},
	file = {Snapshot:/home/pawel/.zotero/zotero/2felkxqq.default/zotero/storage/RGNV4T6W/bwmeta1.element.html:text/html}
}

@book{bentham_wprowadzenie_1958,
	address = {Warszawa},
	series = {Biblioteka {Klasyków} {Filozofii}},
	title = {Wprowadzenie do zasad moralności i prawodawstwa},
	language = {pl},
	publisher = {Państwowe Wydawnictwo Naukowe},
	author = {Bentham, Jeremy},
	translator = {Nawroczyński, Bogdan},
	year = {1958},
	keywords = {Etyka społeczna, historia, Prawo cywilne, Prawo karne, Utylitaryzm, Wielka Brytania}
}

@incollection{brey_well-being_2012,
	address = {New York, NY},
	series = {Routledge {Studies} in {Science}, {Technology} and {Society}},
	title = {Well-{Being} in {Philosophy}, {Psychology}, and {Economics}},
	isbn = {978-0-415-89126-4},
	abstract = {Acknowledgments -- Introduction / Adam Briggle, Philip Brey and Edward Spence -- Mapping the landscape -- Well-being in philosophy, psychology, and economics / Philip Brey -- Theorizing technology / Carl Mitcham and Adam Briggle -- Theoretical approaches -- Quality of life in technological society : a macrosociological approach / Ruut Veenhoven -- Capabilities and technology / Justine Johnstone -- Happiness and meaning in a technological age : a psychological approach / Michael Steger and Joo Yeon Shin -- The ambivalence of the good life : happiness, economics, technology, and relational goods / Luigino Bruni -- Desire-satisfactionism and technology / Anton Tupa -- Consumer products and well-being -- Consuming happiness / Lindsey Patterson and Robert Biswas-Diener -- Thinking through consumerism and technology / Pak Hang Wong -- Consumption and sustainability : a neo-epicurean approach to a sustainable good life in a technological world / Edward Spence -- Cell phones, ipods, and subjective well-being / Valerie Tiberius -- Information technology and well-being -- New social media and the virtues / Shannon Vallor -- Web 2.0: community as commodity? / Diane P. Michelfelder -- Types of internet use, well-being and the good life : ethical views from prudential psychology / Omar Rosas -- Virtually good? : disclosing the presuppositions behind the claimed inferiority of virtual worlds / Johnny Hartz Søraker -- Medical and agricultural technology and well-being -- What's wrong with techno food? / David Kaplan -- Human enhancement and well-being / Bengt Brülde -- On hubris and hybrids : ascesis and the ethics of technology / Peter Paul Verbeek -- Brave new world : platonism 2.0 / Tsjalling Swierstra -- Care robots, virtual virtue, and the best possible life / Mark Coeckelbergh -- Technology design and policy -- Can we design for well-being? / Ibo van de Poel -- The university, metrics, and the good life / Robert Frodeman, J. Britt Holbrook and Kelli Barr -- Science policy and the expectation of health : the case for reforming peer review at the national institutes of health / Adam Briggle -- Neutrality and technology : ortega y gasset on the good life / Jeroen van den Hoven -- Technological change and the destabilization of liberal politics / Govert Valkenburg -- Contributors -- Index},
	language = {en},
	number = {17},
	booktitle = {The {Good} {Life} in a {Technological} {Age}},
	publisher = {Routledge},
	author = {Brey, Philip A.E.},
	editor = {Brey, Philip A.E. and Briggle, Adam and Spence, Edward},
	year = {2012},
	note = {OCLC: 668196963},
	pages = {15--34},
	file = {Snapshot:/home/pawel/.zotero/zotero/2felkxqq.default/zotero/storage/EY2Y63RD/well-being-in-philosophy-psychology-and-economics.html:text/html}
}

@misc{noauthor_well-being_2019,
	title = {Well-{Being}},
	url = {https://dictionary.cambridge.org/dictionary/english/well-being},
	abstract = {well-being definition: 1. the state of feeling healthy and happy:  2. the state of feeling healthy and happy: . Learn more.},
	language = {en},
	urldate = {2019-08-29},
	journal = {Cambridge English Dictionary},
	year = {2019},
	file = {Snapshot:/home/pawel/.zotero/zotero/2felkxqq.default/zotero/storage/BX8GZ7LR/well-being.html:text/html}
}

@article{czapinski_ekonomia_2012,
	title = {Ekonomia szczęścia i psychologia bogactwa},
	issn = {1231-8515},
	url = {http://cejsh.icm.edu.pl/cejsh/element/bwmeta1.element.pan-n-yid-2012-iid-1-art-000000000005},
	language = {pl},
	number = {1},
	urldate = {2019-08-29},
	journal = {Nauka},
	author = {Czapiński, Janusz},
	year = {2012},
	pages = {51--88},
	file = {Full Text PDF:/home/pawel/.zotero/zotero/2felkxqq.default/zotero/storage/BATWIP27/Czapiński - 2012 - Ekonomia szczęścia i psychologia bogactwa.pdf:application/pdf;Snapshot:/home/pawel/.zotero/zotero/2felkxqq.default/zotero/storage/ENUY83W5/bwmeta1.element.html:text/html}
}

@article{czech_ekonomia_2014,
	title = {Ekonomia dobrobytu a państwo opiekuńcze - relacja przeszłości czy przyszłości?},
	volume = {176},
	issn = {2083-8611},
	url = {http://yadda.icm.edu.pl/yadda/element/bwmeta1.element.desklight-cf2be45b-a852-44f7-8c80-b494ae6ee226},
	language = {pl},
	urldate = {2019-08-29},
	journal = {Studia Ekonomiczne},
	author = {Czech, Sławomir},
	year = {2014},
	pages = {56--64},
	file = {Full Text PDF:/home/pawel/.zotero/zotero/2felkxqq.default/zotero/storage/ZHE6C56H/Czech - 2014 - Ekonomia dobrobytu a państwo opiekuńcze - relacja .pdf:application/pdf;Snapshot:/home/pawel/.zotero/zotero/2felkxqq.default/zotero/storage/KPFJQ332/bwmeta1.element.html:text/html}
}

@misc{dickinson_gdp:_2011,
	title = {{GDP}: a brief history},
	shorttitle = {{GDP}},
	url = {https://foreignpolicy.com/2011/01/03/gdp-a-brief-history/},
	abstract = {One stat to rule them all.},
	language = {en},
	urldate = {2019-08-29},
	journal = {Foreign Policy},
	author = {Dickinson, Elizabeth},
	year = {2011},
	file = {Snapshot:/home/pawel/.zotero/zotero/2felkxqq.default/zotero/storage/BIVSJI82/gdp-a-brief-history.html:text/html}
}

@article{easterlin_income_2001,
	title = {Income and happiness: {Towards} a unified theory},
	volume = {111},
	copyright = {Royal Economic Society 2001},
	issn = {1468-0297},
	shorttitle = {Income and happiness},
	url = {https://onlinelibrary.wiley.com/doi/abs/10.1111/1468-0297.00646},
	doi = {10.1111/1468-0297.00646},
	abstract = {Material aspirations are initially fairly similar among income groups; consequently more income brings greater happiness. Over the life cycle, however, aspirations grow along with income, and undercut the favourable effect of income growth on happiness, although the cross-sectional happiness-income difference persists. People think they were less happy in the past and will be happier in the future, because they project current aspirations to be the same throughout the life cycle, while income grows. But since aspirations actually grow along with income, experienced happiness is systematically different from projected happiness. Consequently, choices turn out to be based on false expectations.},
	language = {en},
	number = {473},
	urldate = {2019-08-29},
	journal = {The Economic Journal},
	author = {Easterlin, Richard A.},
	year = {2001},
	pages = {465--484},
	file = {Easterlin - 2001 - Income and happiness Towards a unified theory.pdf:/home/pawel/.zotero/zotero/2felkxqq.default/zotero/storage/NQWHM6DW/Easterlin - 2001 - Income and happiness Towards a unified theory.pdf:application/pdf;Snapshot:/home/pawel/.zotero/zotero/2felkxqq.default/zotero/storage/HZ9655IU/1468-0297.html:text/html}
}

@book{fioramonti_gross_2013,
	address = {London - New York},
	series = {Economic controversies},
	title = {Gross {Domestic} {Problem}: {The} {Politics} {Behind} the {World}'s {Most} {Powerful} {Number}},
	isbn = {978-1-78032-272-8},
	shorttitle = {Gross {Domestic} {Problem}},
	abstract = {Gross domestic product is one of the best known and most powerful statistics in the contemporary world. It drives government policy on a variety of vital areas, from health to education. Yet perhaps for the first time since its invention in the 1930s, a wide range of people regard this icon of economic growth as a problem. Gross Domestic Problem unpacks GDP, what it measures, what it doesn't, and why, and reveals the powerful politics that have allowed it to dominate today's economies},
	language = {en},
	publisher = {Zed Books},
	author = {Fioramonti, Lorenzo},
	year = {2013},
	note = {OCLC: ocn806013610},
	keywords = {Gross domestic product, Political aspects}
}

@book{hamilton_political_2003,
	address = {Cambridge},
	title = {The {Political} {Philosophy} of {Needs}},
	isbn = {978-0-521-82782-9},
	language = {en},
	publisher = {Cambridge University Press},
	author = {Hamilton, Lawrence A},
	year = {2003},
	note = {OCLC: 783144364}
}

@misc{noauthor_about_2019,
	title = {About the {HPI}},
	url = {http://happyplanetindex.org/about},
	language = {en},
	urldate = {2019-08-29},
	journal = {Happy Planet Index},
	year = {2019},
	file = {Snapshot:/home/pawel/.zotero/zotero/2felkxqq.default/zotero/storage/8C44F2UY/about.html:text/html}
}

@book{hirsch_social_2005,
	address = {London},
	title = {Social {Limits} to {Growth}},
	isbn = {9780415119580},
	url = {http://www.myilibrary.com?id=14976},
	language = {en},
	urldate = {2019-08-30},
	publisher = {Routledge},
	author = {Hirsch, Fred},
	year = {2005}
}

@misc{gallup_inc._understanding_2019,
	title = {Understanding {How} {Gallup} {Uses} the {Cantril} {Scale}},
	url = {https://news.gallup.com/poll/122453/Understanding-Gallup-Uses-Cantril-Scale.aspx},
	abstract = {Background information on the development of the Cantril Self-Anchoring Scale.},
	language = {en},
	urldate = {2019-08-30},
	journal = {Gallup.com},
	author = {Gallup Inc.},
	year = {2019},
	file = {Snapshot:/home/pawel/.zotero/zotero/2felkxqq.default/zotero/storage/GQR5M6PZ/understanding-gallup-uses-cantril-scale.html:text/html}
}

@misc{international_monetary_fund_world_2019a,
	title = {World {Economic} {Outlook} ({April} 2019) - {GDP} per capita, current prices},
	url = {https://www.imf.org/external/datamapper/PPPPC@WEO},
	abstract = {Gross domestic product (GDP) is the most commonly used single measure of a country's overall economic activity. Per capita GDP represents the total value in PPP terms of final goods and services produced within a country during a specified time period divided by the average population for the same one year.

Purchasing Power Parity (PPP) is a theory which relates changes in the nominal exchange rate between two countries currencies to changes in the countries' price levels. More information on PPP methodology can be found on the World Economic Outlook FAQ - {\textless}a href="http://www.imf.org/external/pubs/ft/weo/faq.htm\#q4d" target="new"{\textgreater}click here{\textless}/a{\textgreater}},
	urldate = {2019-08-30},
	author = {International Monetary Fund},
	year = {2019},
	file = {Snapshot:/home/pawel/.zotero/zotero/2felkxqq.default/zotero/storage/W3CPYVBV/WEOWORLD.html:text/html}
}

@misc{international_monetary_fund_world_2019b,
	title = {World {Economic} {Outlook} {Database} {April} 2010 -- {WEO} {Groups} and {Aggregates} {Information}},
	url = {https://www.imf.org/external/pubs/ft/weo/2010/01/weodata/groups.htm#ae},
	urldate = {2019-08-30},
	author = {International Monetary Fund},
	year = {2019},
	file = {World Economic Outlook Database April 2010 -- WEO Groups and Aggregates Information:/home/pawel/.zotero/zotero/2felkxqq.default/zotero/storage/TY9THVLV/groups.html:text/html}
}

@book{kot_ekonometryczne_2000,
	address = {Warszawa - Kraków},
	title = {Ekonometryczne modele dobrobytu},
	isbn = {978-83-01-13125-8},
	language = {pl},
	publisher = {Wydawnictwo Naukowe PWN},
	author = {Kot, Stanisław Maciej},
	year = {2000},
	keywords = {Dobrobyt, modele ekonometryczne}
}

@book{kot_dobrobyt_2004,
	address = {Kraków},
	title = {Dobrobyt społeczny, nierówności i sprawiedliwość dystrybutywna},
	isbn = {978-83-7252-243-6},
	language = {pl},
	publisher = {Wydawnictwo Akademii Ekonomicznej},
	editor = {Kot, Stanisław Maciej and Malawski, Andrzej and Węgrzecki, Adam and Filek, Janina},
	year = {2004},
	keywords = {1990-, aspekt społeczny, Czynniki społeczno-ekonomiczne, Dobrobyt, Dochody, Nierówność społeczna, Polska, Sprawiedliwość rozdzielcza, Sprawiedliwość społeczna, Ubóstwo, Wartość życia}
}

@article{krok_metody_2016,
	title = {Metody pomiaru szczęścia i jego zależność od dochodów},
	volume = {286},
	issn = {2083-8611},
	url = {http://cejsh.icm.edu.pl/cejsh/element/bwmeta1.element.cejsh-c01b9955-2e30-4c75-b602-383f69aa4db6},
	language = {pl},
	urldate = {2019-08-30},
	journal = {Studia Ekonomiczne},
	author = {Krok, Ewa},
	year = {2016},
	pages = {43--55},
	file = {Full Text PDF:/home/pawel/.zotero/zotero/2felkxqq.default/zotero/storage/IRXMEKUJ/Krok - 2016 - Metody pomiaru szczęścia i jego zależność od docho.pdf:application/pdf;Snapshot:/home/pawel/.zotero/zotero/2felkxqq.default/zotero/storage/INICTM4G/bwmeta1.element.html:text/html}
}

@article{kwarcinski_koncepcje_2016,
	title = {Koncepcje dobrobytu i porównania interpersonalne},
	issn = {0137-3056},
	url = {http://cejsh.icm.edu.pl/cejsh/element/bwmeta1.element.desklight-5c2e0516-9f11-4d9b-9e97-424550b5f5fa},
	doi = {10.17451/eko/45/2016/185},
	language = {pl},
	number = {45},
	urldate = {2019-08-30},
	journal = {Ekonomia. Rynek, Gospodarka, Społeczeństwo},
	author = {Kwarciński, Tomasz},
	year = {2016},
	pages = {105--133}
}

@book{linder_harried_1970,
	address = {New York},
	title = {The {Harried} {Leisure} {Class}},
	language = {en},
	publisher = {Columbia University Press},
	author = {Linder, Staffan Burenstam},
	year = {1970},
	note = {OCLC: 709991809}
}

@book{luszczyk_pomiar_2013,
	address = {Kraków},
	title = {Pomiar jakości życia w skali międzynarodowej},
	isbn = {978-83-62511-62-4},
	language = {pl},
	publisher = {Fundacja Uniwersytetu Ekonomicznego},
	author = {Łuszczyk, Marcin},
	year = {2013},
	keywords = {aspekt ekonomiczny, aspekt społeczny, Jakość życia, statystyki}
}

@incollection{cieslik_dylemat_2014,
	address = {Warszawa},
	title = {Dylemat pomiaru gospodarki globalnej – produkt krajowy brutto},
	isbn = {978-83-235-1334-6},
	language = {pl},
	booktitle = {Niedoskonała globalizacja: czy światowy system gospodarczy wymaga gruntownych reform?: {Księga} jubileuszowa profesora {Włodzimierza} {Siwińskiego}},
	publisher = {Wydawnictwa Uniwersytetu Warszawskiego},
	author = {Mączyńska, Ewa},
	editor = {Cieślik, Andrzej and Michałek, Jan Jakub},
	year = {2014},
	keywords = {1990-, bibliografia, Europa Zachodnia, Globalizacja, integracja gospodarcza, Księgi pamiątkowe, Polska Warszawa, Siwiński, Włodzimierz},
	pages = {194--208}
}

@book{mill_utylitaryzm:_1959,
	address = {Warszawa},
	series = {Biblioteka {Klasyków} {Filozofii}},
	title = {Utylitaryzm: {O} wolności},
	shorttitle = {Utylitaryzm},
	language = {pl},
	publisher = {Państwowe Wydawnictwo Naukowe},
	author = {Mill, John Stuart},
	translator = {Ossowska, Maria and Kurlandzka, Amelia},
	year = {1959},
	keywords = {19 w, filozofia, Utylitaryzm, Wolność}
}

@misc{moleda_kantowska_2009,
	title = {Kantowska krytyka eudajmonizmu państwowego},
	url = {https://histmag.org/Kantowska-krytyka-eudajmonizmu-panstwowego-3091},
	abstract = {Okres twórczości Immanuela Kanta przypada na schyłek Oświecenia. Epoka ta stanowi w historii myśli europejskiej jak gdyby apogeum całej ery nowożytnej, której początki sięgają Renesansu, a koniec zarysowuje się coraz wyraźniej w czasach nam współczesnych. Charakterystyczne cechy myśli nowożytnej, takie jak wiara w rozum ludzki i możliwość nieograniczonego postępu nauki, moralności, techniki, kultury oraz wszystkich innych dziedzin wiedzy i działalności ludzkiej, wystąpiły najsilniej właśnie w epoce Oświecenia.},
	language = {pl},
	urldate = {2019-08-30},
	journal = {Histmag.org},
	author = {Molęda, Sławomir},
	year = {2009},
	file = {Snapshot:/home/pawel/.zotero/zotero/2felkxqq.default/zotero/storage/Q25GW7K2/Kantowska-krytyka-eudajmonizmu-panstwowego-3091.html:text/html}
}

@incollection{boehm_is_2002,
	address = {Cheltenham, UK ; Northampton, Mass., USA},
	title = {Is there progress in normative economics?},
	isbn = {978-1-84376-562-2},
	url = {https://www.elgaronline.com/view/1840646837.00021.xml},
	language = {en},
	urldate = {2019-08-30},
	booktitle = {Is {There} {Progress} in {Economics}?},
	publisher = {Edward Elgar Publishing},
	author = {Mongin, Philippe},
	editor = {Boehm, Stephan and Gehrke, Christian and Kurz, Heinz and Sturn, Richard},
	year = {2002},
	doi = {10.4337/9781843765622.00021},
	pages = {145--170}
}

@misc{ostrowski_czy_2012,
	title = {Czy mamy za dużo pieniędzy},
	url = {https://www.polityka.pl/tygodnikpolityka/rynek/1532489,1,czy-mamy-za-duzo-pieniedzy.read},
	abstract = {Lord Skidelsky z synem twierdzą, że na Zachodzie pieniędzy mamy za dużo i że nie dają nam one cieszyć się życiem.},
	language = {pl},
	urldate = {2019-08-30},
	journal = {Polityka.pl},
	author = {Ostrowski, Marek},
	year = {2012},
	file = {Snapshot:/home/pawel/.zotero/zotero/2felkxqq.default/zotero/storage/S4SJIG9D/1532489,1,czy-mamy-za-duzo-pieniedzy.html:text/html}
}

@book{parfit_racje_2012,
	address = {Warszawa},
	series = {Filozofia w {Praktyce}},
	title = {Racje i osoby},
	isbn = {978-83-01-17280-0},
	language = {pl},
	publisher = {Wydawnictwo Naukowe PWN},
	author = {Parfit, Derek},
	translator = {Hensel, Witold M. and Warchala, Michał},
	year = {2012},
	keywords = {Etyka, Ja (psychologia), Motywacja (psychologia), Podręczniki akademickie, Racjonalizm, Racjonalność, Tożsamość (psychologia)}
}

@book{samuelson_ekonomia._2008,
	address = {Warszawa},
	title = {Ekonomia. {T}. 1-2},
	isbn = {978-83-01-14989-5},
	language = {pl},
	publisher = {Wydawnictwo Naukowe PWN},
	author = {Samuelson, Paul Anthony and Nordhaus, William D.},
	translator = {Wolińska, Zofia and Rusiński, Michał},
	year = {2008},
	keywords = {Ekonomia, podręczniki akademickie}
}

@book{stiglitz_blad_2013,
	address = {Warszawa},
	series = {Nobliści z {Ekonomii}},
	title = {Błąd pomiaru: {Dlaczego} {PKB} nie wystarcza: {Raport} {Komisji} ds. {Pomiaru} {Wydajności} {Ekonomicznej} i {Postępu} {Społecznego}},
	isbn = {978-83-88700-67-5},
	shorttitle = {Błąd pomiaru},
	language = {pl},
	publisher = {Polskie Towarzystwo Ekonomiczne},
	author = {Stiglitz, Joseph E. and Sen, Amartya Kumar and Fitoussi, Jean-Paul},
	translator = {Kliber, Agata and Kliber, Paweł},
	year = {2013},
	keywords = {Jakość życia, Produkt krajowy brutto, Wskaźniki rozwoju gospodarczego, Wskaźniki rozwoju społecznego}
}

@misc{united_nations_development_programme_human_2019,
	title = {Human {Development} {Data} (1990-2017)},
	url = {http://hdr.undp.org/en/data},
	language = {en},
	urldate = {2019-08-30},
	journal = {Human Development Reports},
	author = {United Nations Development Programme},
	year = {2019},
	file = {Human Development Data (1990-2017) | Human Development Reports:/home/pawel/.zotero/zotero/2felkxqq.default/zotero/storage/RWE9HWDN/data.html:text/html}
}

@article{blanchflower_well-being_2004,
	title = {Well-being over time in {Britain} and the {USA}},
	volume = {88},
	issn = {00472727},
	url = {https://www.dartmouth.edu/~blnchflr/papers/jpube.pdf},
	doi = {10.1016/S0047-2727(02)00168-8},
	language = {en},
	number = {7-8},
	urldate = {2019-08-30},
	journal = {Journal of Public Economics},
	author = {Blanchflower, David G. and Oswald, Andrew J.},
	month = jul,
	year = {2004},
	pages = {1359--1386},
	file = {jpube.pdf:/home/pawel/.zotero/zotero/2felkxqq.default/zotero/storage/IRDYGMH5/jpube.pdf:application/pdf;Przesłana wersja:/home/pawel/.zotero/zotero/2felkxqq.default/zotero/storage/8RCBVSMV/Blanchflower i Oswald - 2004 - Well-being over time in Britain and the USA.pdf:application/pdf}
}

@misc{noauthor_world_2018,
	title = {World {Happiness} {Report}},
	url = {https://worldhappiness.report/ed/2018/},
	abstract = {The World Happiness Report is a landmark survey of the state of global happiness that ranks 156 countries by how happy their citizens perceive themselves to be. The report is produced by the United Nations Sustainable Development Solutions Network in partnership with the Ernesto Illy Foundation.},
	language = {en},
	urldate = {2019-08-30},
	year = {2018},
	file = {Snapshot:/home/pawel/.zotero/zotero/2felkxqq.default/zotero/storage/R8YWGKLS/worldhappiness.report.html:text/html}
}

@article{zaremba_dobrobyt_2016,
	title = {Dobrobyt społeczny – problemy metodologiczne i definicyjne},
	issn = {2391-7830},
	url = {http://cejsh.icm.edu.pl/cejsh/element/bwmeta1.element.desklight-589fb1d1-ca6d-445b-8178-08bc4e46b16c},
	language = {pl},
	number = {4},
	urldate = {2019-08-30},
	journal = {Zeszyty Naukowe Polskiego Towarzystwa Ekonomicznego w Zielonej Górze},
	author = {Zaremba, Michał},
	year = {2016},
	pages = {323--331},
	file = {Full Text PDF:/home/pawel/.zotero/zotero/2felkxqq.default/zotero/storage/QBGNVD2V/Zaremba - 2016 - Dobrobyt społeczny – problemy metodologiczne i def.pdf:application/pdf;Snapshot:/home/pawel/.zotero/zotero/2felkxqq.default/zotero/storage/CBRPJ6L8/bwmeta1.element.html:text/html}
}

@book{zienkowski_co_2001,
	address = {Warszawa},
	title = {Co to jest {PKB}? jego rola w analizach ekonomicznych i prognozowaniu},
	isbn = {978-83-7151-453-1},
	shorttitle = {Co to jest {PKB} ?},
	language = {pl},
	publisher = {Dom Wydawniczy Elipsa},
	author = {Zienkowski, Leszek},
	year = {2001},
	keywords = {Produkt krajowy brutto}
}

@article{ostapiuk_droga_2019,
	title = {Droga ekonomii wolnej od wartościowania do epistemologicznej pychy. {Użycie} i nadużycie matematyki przez ekonomistów},
	issn = {2451-0602},
	language = {pl},
	number = {67},
	journal = {Philosophical Problems in Science (Zagadnienia Filozoficzne w Nauce)},
	author = {Ostapiuk, Aleksander},
	year = {2019},
	pages = {??--??}
}

@book{pigou_wealth_1912,
	address = {London},
	title = {Wealth and {Welfare}},
	url = {http://archive.org/details/cu31924032613386},
	abstract = {The metadata below describe the original scanning. Follow the "All Files: HTTP" link in the "View the book" box to the left to find XML files that contain more metadata about the original images and the derived formats (OCR results, PDF etc.). See also the What is the directory structure for the texts? FAQ for information about file content and naming conventions.; Welfare and the national dividend.--The magnitude of the national dividend.--The distribution of the national dividend.--The national variability of the national dividend},
	language = {en},
	urldate = {2019-08-30},
	publisher = {Macmillan and co., limited},
	author = {Pigou, Arthur Cecil},
	year = {1912},
	keywords = {Economics}
}

@book{pigou_economics_1920,
	address = {London},
	title = {The {Economics} of {Welfare}},
	url = {http://archive.org/details/economicsofwelfa00pigouoft},
	abstract = {"This volume was originally conceived as a rewritten and revised edition of my Wealth and welfare published in 1912. But the work has grown to such an extent and has come to cover so much more ground that, though considerable sections of Wealth and welfare are incorporated in it, it is essentially an independent book." - Pref; Welfare and the national dividend.- The magnitude of the national dividend and the distribution of resources among different uses.- The national dividend and labour.- The national dividend and government finance.- The distribution of the national dividend.- The variability of the national dividend.- Appendices; 26},
	language = {en},
	urldate = {2019-08-30},
	publisher = {Macmillan and co., limited},
	author = {Pigou, Arthur Cecil},
	year = {1920},
	keywords = {Economics}
}