
@article{sarosiek_odmiennosc_2018,
	title = {Odmienność zwierzęcej inteligencji},
	copyright = {Copyright (c) 2018 Zagadnienia Filozoficzne w~Nauce},
	issn = {2451-0602},
	url = {https://zfn.edu.pl/index.php/zfn/article/view/455},
	language = {pl},
	number = {65},
	urldate = {2019-08-30},
	journal = {Philosophical Problems in Science (Zagadnienia Filozoficzne w~Nauce)},
	author = {Sarosiek, Anna},
	month = dec,
	year = {2018},
	keywords = {animal intelligence, cognitive science, mind},
	pages = {220--225--220--225},
	file = {Full Text PDF:/home/pawel/.zotero/zotero/2felkxqq.default/zotero/storage/NVVSYP6J/Sarosiek - 2018 - Odmienność zwierzęcej inteligencji.pdf:application/pdf;Snapshot:/home/pawel/.zotero/zotero/2felkxqq.default/zotero/storage/ZHIT283Q/455.html:text/html}
}

@book{waal_bystre_2016,
	address = {Kraków},
	title = {Bystre zwierzę: czy jesteśmy dość mądrzy, aby zrozumieć mądrość zwierząt?},
	shorttitle = {Bystre zwierzę},
	language = {pl},
	publisher = {Copernicus Center Press},
	author = {de Waal, Frans B. M.},
	translator = {Lamża, Łukasz},
	year = {2016}
}

@book{waal_malpa_2015,
	address = {Kraków},
	title = {Małpa w~każdym z~nas: dlaczego seks, przemoc i~życzliwość są częścią natury człowieka?},
	isbn = {978-83-7886-306-9},
	shorttitle = {Małpa w~każdym z~nas},
	language = {Polish},
	publisher = {Copernicus Center Press},
	author = {de Waal, Frans B. M.},
	translator = {Kornas, Krzysztof},
	year = {2015}
}

@book{waal_malpy_2013,
	address = {Kraków},
	title = {Małpy i~filozofowie: {skąd} pochodzi moralność?},
	isbn = {978-83-7886-030-3},
	shorttitle = {Małpy i~filozofowie},
	language = {Polish},
	publisher = {Copernicus Center Press},
	author = {de Waal, Frans B. M.},
	translator = {Brożek, Bartosz and Furman, Michał},
	year = {2013}
}

@book{waal_bonobo_2014,
	address = {Kraków},
	title = {Bonobo i~ateista: w~poszukiwaniu humanizmu wśród naczelnych},
	isbn = {978-83-7886-086-0},
	shorttitle = {Bonobo i~ateista},
	language = {Polish},
	publisher = {Copernicus Center Press},
	author = {de Waal, Frans B. M.},
	translator = {Kornas, Krzysztof},
	year = {2014}
}

@book{waal_wiek_2019,
	address = {Kraków},
	title = {Wiek empatii: {Jak} natura uczy nas życzliwości},
	isbn = {978-83-7886-419-6},
	shorttitle = {Wiek empatii},
	language = {pl},
	publisher = {Copernicus Center Press},
	author = {de Waal, Frans B. M.},
	translator = {Lamża, Łukasz},
	year = {2019},
	note = {OCLC: 1088994501}
}
